3334 5217
829 475 872 538 46

428 661 587 750 γνώμαισι
610 661 751 743 δούλαις,
773 660 859 746 κάμὲ
878 659 936 749 χρὴ
959 657 1084 748 φράσαι
1092 657 1213 744 τόσον.

301 791 329 835 v.
352 769 392 832 61
415 789 483 849 sqq.

430 858 599 946 ὦτέκνον,
623 858 649 930 ὦ
671 870 745 947 παῖ,
768 863 830 950 κάξ
850 862 1030 954 ἀγεννήτων
1051 858 1114 951 ὅρα

428 975 534 1053 μῦθοι
555 969 662 1047 καλῶς
683 966 878 1036 πίπτουσιν·
900 967 958 1058 ἥδε
976 966 1036 1055 γὰρ
1058 965 1133 1055 γυνὴ

430 1068 528 1159 δούλη
550 1070 618 1153 μέν,
643 1066 767 1158 εἴρηκεν
788 1069 817 1138 δ’
840 1069 1011 1156 ἐλεύθερον
1033 1066 1138 1154 λόγον.

303 1175 416 1258 quibus
436 1175 539 1240 verbis
561 1173 721 1252 Deianira,
745 1196 937 1258 quamquam
952 1175 1111 1239 interdum
1126 1173 1298 1238 liberorum
1311 1171 1410 1236 modo

302 1279 397 1342 etiam
419 1299 439 1342 a
461 1278 557 1342 servis
580 1297 675 1340 sanas
697 1279 869 1342 sententias
890 1276 1025 1360 proferri
1047 1274 1202 1352 concedit,
1223 1272 1283 1337 hoc
1299 1279 1411 1337 tamen

303 1399 412 1444 eorum
432 1379 594 1464 proprium
617 1399 685 1442 esse
706 1387 808 1462 negat.
855 1379 900 1444 cf.
923 1378 1004 1444 Phil.
1027 1401 1055 1442 v.
1081 1376 1172 1440 1000.
1194 1414 1235 1422 -

387 1482 438 1546 Ad
459 1481 542 1546 idem
565 1479 684 1544 recedit
706 1479 875 1546 discrimen
897 1480 987 1558 illud,
1010 1480 1060 1563 Aj.
1081 1501 1110 1542 v.
1130 1478 1211 1542 1093
1234 1498 1302 1560 sqq.
1324 1479 1412 1542 inter

303 1577 439 1667 εὐγενεῖς
463 1590 494 1647 et
515 1575 639 1666 ἀγενεῖς
660 1584 877 1661 constitutum,
900 1583 954 1646 ubi
976 1581 1093 1647 Teucer
1115 1579 1205 1644 dicit:

433 1677 491 1748 oda
513 1677 552 1748 dv
575 1676 660 1761 τοτ’,
684 1676 806 1769 ἄνδρες,
830 1677 933 1770 ἄνδρα
955 1674 1162 1764 θαυμάσαιμ’
1185 1677 1234 1746 ἔτι

431 1777 468 1863 ὃς
488 1783 590 1872 μηδὲν
610 1777 655 1850 ὢν
676 1789 832 1869 γοναῖσιν,
855 1777 921 1854 εἶθ’
940 1780 1127 1869 ἁμαρτάνει,

432 1881 489 1951 ὅθ’
510 1883 543 1950 οἳ
566 1888 736 1964 δοκοῦντες
756 1881 894 1971 εὐγενεῖς
916 1885 1097 1974 πεφυκέναι

433 1984 556 2055 τοιαῦτ’
578 1984 819 2073 ἁμαρτάνουσιν
842 1987 875 2053 ἑν
897 1985 1006 2073 λόγοις
1028 1984 1103 2074 ἔπη.

304 2091 415 2173 ltaque
437 2113 552 2157 nomen
578 2092 688 2156 servile
711 2112 866 2154 summam
889 2091 1154 2174 contemptionem
1175 2110 1253 2172 prae
1274 2110 1307 2152 se
1329 2088 1417 2153 fere-

304 2192 370 2271 bat,
393 2215 451 2258 nco
472 2193 638 2258 mediocris
660 2193 834 2275 ignominia
856 2192 1090 2276 adjungebatur
1112 2193 1150 2270 ei,
1173 2192 1224 2256 cui
1244 2189 1277 2254 id
1298 2196 1416 2254 contu-

304 2295 418 2359 meliae
441 2317 537 2360 causa
558 2295 736 2361 indebatur.
787 2293 884 2378 Cujus
912 2297 957 2359 rei
986 2295 1080 2358 etiam
1110 2292 1196 2377 apud
1221 2291 1416 2374 Sophoclem

305 2396 393 2460 haud
413 2419 516 2480 pauca
538 2398 682 2480 exempla
704 2402 840 2461 exstant.
896 2396 942 2460 Of.
966 2396 1016 2480 Aj.
1043 2397 1143 2474 1020;
1177 2394 1276 2472 1035,
1311 2393 1417 2472 12353

308 2497 400 2563 1289.
445 2499 521 2564 0ed.
542 2499 613 2583 Tyr.
639 2498 737 2578 1063,
769 2498 824 2562 ubi
851 2493 1020 2583 τρίδουλος
1041 2498 1200 2564 hominem
1221 2495 1420 2580 ignobilissi-

305 2621 392 2665 mum
414 2600 572 2684 significat
588 2604 624 2687 ¹).

694 2879 719 2929 4.
757 2873 800 2925 De
818 2891 849 2925 re
859 2872 1024 2940 judiciaria.

807 3080 835 3156 ς.
862 3073 910 3139 15.

392 3239 443 3302 Ex
460 3237 590 3302 Homeri
611 3238 804 3302 carminibus
826 3240 1054 3324 cognoscimus,
1076 3239 1206 3304 heroica
1226 3244 1332 3302 aetate
1355 3238 1421 3302 bo-

307 3342 427 3405 minum
457 3339 601 3405 facinora
634 3345 792 3404 cenorum
821 3343 1064 3424 magistratuum
1089 3340 1304 3425 jurisdictioni
1332 3361 1420 3404 non-

309 3442 386 3507 dum
418 3441 515 3506 fluisse
545 3442 712 3525 subjectos.
756 3442 844 3519 Quae
865 3465 929 3507 non
951 3445 1071 3520 minus,
1103 3464 1198 3525 quam
1219 3441 1419 3523 reipublicae

307 3543 556 3622 administratm,
583 3565 680 3626 penes
709 3566 798 3626 reges
828 3552 860 3609 et
888 3546 1046 3628 principes
1075 3546 1136 3611 fuit
1151 3548 1189 3631 2).
1232 3542 1295 3608 Sed
1316 3565 1358 3608 ne
1380 3544 1443 3634 hi⁴

309 3645 436 3728 quidem
457 3665 526 3709 eam
548 3653 736 3729 potestatem
759 3645 818 3710 sibi
837 3647 1013 3726 sumebant,
1035 3654 1071 3711 ut
1086 3668 1193 3712 omnes
1209 3647 1323 3711 civium
1337 3667 1418 3710 con-

308 3748 478 3812 troversias
500 3746 560 3810 sibi
584 3746 805 3829 disceptandas
827 3769 894 3811 esse
916 3755 1081 3831 putarent;
1109 3749 1216 3829 itaque
1239 3747 1353 3824 fiebat,
1377 3753 1418 3812 ut

309 3851 342 3914 in
371 3849 464 3913 rebus
494 3849 684 3931 capitalibus
713 3871 777 3914 non
805 3849 915 3932 populi
944 3852 1103 3933 principes
1133 3849 1328 3932 singulorum
1360 3849 1419 3913 de-

382 4088 404 4155 1)
440 4086 474 4140 cf.
493 4086 692 4141 Schneidewin.
710 4115 744 4125 -
762 4086 860 4140 Nauck
878 4087 958 4140 adh.
978 4088 995 4140 l.
1031 4087 1170 4158 Musgrav.
1189 4087 1225 4140 ad
1243 4085 1339 4154 Eurip.
1359 4089 1419 4140 An-

311 4176 397 4230 drom.
417 4174 477 4228 637.
512 4173 640 4227 Eustath.
660 4175 695 4228 ad
713 4173 762 4227 Od.
782 4191 803 4235 ε,
821 4192 847 4227 v.
867 4175 926 4228 306.
1356 4174 1358 4178 '

381 4262 404 4329 ²)
439 4260 661 4321 cf.1].A‚23u
697 4259 747 4314 Od.
765 4263 788 4322 λ,
811 4262 868 4314 186.
888 4278 911 4327 τ,
934 4263 991 4314 111.
1026 4262 1057 4322 Il.
1077 4265 1110 4323 Σ,
1129 4263 1190 4314 503.
1226 4261 1341 4314 Ariston
1356 4260 1421 4317 Pol.

310 4349 358 4417 111,
377 4352 402 4417 9,
422 4349 447 4403 t.
482 4348 594 4416 Dionys.
613 4348 702 4402 Halic.
719 4348 752 4416 V,
772 4349 814 4401 74.
