3334 5217
733 1547 815 1623 Gar.
842 1552 869 1622 Ι.

458 1783 498 1844 De
520 1784 608 1845 rebus
630 1785 831 1865 geographicis
853 1793 883 1848 et
905 1788 1150 1868 etlinograplicio.

761 2074 791 2149 p.
817 2071 844 2133 1.

335 2261 444 2337 Qualis
465 2261 561 2325 fuerit
582 2262 709 2326 heroica
734 2267 839 2326 aetate
860 2261 946 2326 orbis
968 2269 1125 2329 terrarum
1146 2268 1232 2351 apud
1254 2268 1352 2336 Grae-

251 2384 303 2427 cos
325 2364 453 2440 notitia,
486 2386 525 2427 ex
547 2363 676 2428 Homeri
708 2365 777 2446 ejus
808 2364 1018 2448 descriptione
1047 2368 1124 2432 satis
1150 2371 1352 2454 perspicuum

249 2471 305 2529 est.
350 2465 407 2530 Oui
429 2487 526 2548 quum
548 2466 662 2548 exigua
683 2471 808 2530 tantum
832 2466 900 2550 ejus
923 2469 1081 2550 particula
1102 2476 1179 2535 nota
1195 2471 1244 2550 sit,
1267 2478 1298 2538 et
1312 2496 1352 2540 ne

249 2589 286 2631 ea
308 2567 435 2649 quidem
456 2569 644 2646 accuratius,
665 2567 751 2632 haud
773 2569 888 2632 mirum
909 2569 1008 2633 videri
1029 2575 1142 2653 potest,
1165 2573 1249 2654 quod
1271 2575 1352 2652 nihil

249 2671 309 2734 scit
323 2669 362 2734 de
377 2671 508 2759 singulis
523 2671 586 2734 illis
596 2670 749 2754 partibus,
763 2691 843 2752 quas
854 2669 940 2754 apud
952 2673 1162 2754 posteriorum
1174 2679 1351 2758 temporum

249 2779 393 2838 auctores
415 2774 508 2837 certis
529 2771 644 2836 finibus
664 2773 905 2855 nominibusque
925 2771 1091 2838 distinctas
1113 2781 1144 2840 et
1162 2775 1352 2845 determina-

248 2883 298 2940 tas
313 2876 488 2940 invenimus
499 2877 535 2960 ¹).
580 2874 745 2959 Sophoclis
760 2881 866 2940 autem
883 2881 996 2954 aetate,
1020 2896 1115 2957 quam
1131 2901 1202 2943 eum
1224 2880 1351 2947 heroica

248 2999 433 3060 comparare
454 2978 546 3042 nobis
571 2978 808 3061 proposuimus,
841 2977 875 3041 in
904 2982 1007 3043 terrae
1035 2981 1215 3062 cognitione
1237 2979 1351 3048 Graeci

243 3080 313 3163 jam
334 3101 371 3144 eo
393 3086 621 3162 processerant,
647 3085 684 3144 ut
705 3080 783 3145 duas
804 3079 878 3142 illas
900 3081 1097 3146 continentes
1119 3082 1280 3167 Europam
1302 3089 1352 3148 at·

248 3203 309 3264 que
336 3182 460 3260 Asiam,
492 3203 626 3264 quorum
654 3183 748 3248 alteri
776 3174 872 3247 etiam
895 3181 995 3266 Libya
1026 3183 1089 3248 sive
1116 3183 1225 3250 Africa
1255 3185 1351 3272 adjici

248 3283 370 3376 solebat
385 3286 432 3369 ²),
461 3284 690 3369 distinguerent
706 3288 746 3369 3).
818 3290 894 3367 tque
923 3285 1006 3349 hane
1028 3286 1232 3369 partitionem
1254 3288 1350 3352 etiam

320 3541 339 3608 Ι)
375 3541 410 3594 cf.
433 3540 560 3607 Vblcker,
577 3540 757 3594 Homerische
775 3539 947 3608 Geographie
965 3559 991 3594 u.
1004 3540 1172 3596 Weltkunde
1189 3561 1216 3611 p.
1229 3545 1277 3595 102
1291 3561 1349 3612 sqq.

317 3630 340 3697 ²)
375 3629 546 3696 Quamquam
562 3627 697 3680 Pindarus
716 3628 796 3696 Pyth·
817 3627 864 3694 IX,
884 3629 900 3678 8
922 3627 980 3695 jam
999 3628 1033 3681 de
1051 3629 1134 3681 tertia
1154 3629 1318 3682 continente
1331 3633 1349 3684 i.

246 3737 270 3770 e.
288 3717 377 3785 Libya
395 3716 526 3784 loquitur.
561 3716 596 3770 cf.
614 3715 745 3774 scholh.
762 3715 780 3768 1.

315 3803 338 3872 ³)
375 3803 409 3857 ef.
428 3802 597 3858 Schneidew.
616 3802 652 3855 ad
670 3802 768 3856 Trach.
795 3821 821 3856 v.
838 3805 906 3871 loo,
940 3803 987 3870 qui
1012 3805 1123 3872 praeter
1149 3802 1216 3856 alios
1243 3803 1351 3858 confert

245 3893 358 3946 Isocrat.
377 3891 479 3960 Paneg.
492 3892 544 3942 48:
574 3885 642 3960 ἡγῇ
665 3885 799 3955 incoari
823 3886 879 3942 ὑπὸ
902 3894 940 3958 τῷ
962 3885 1058 3960 κόσμῳ
1083 3891 1192 3960 κειμένη
1218 3887 1286 3958 δίχα
1308 3895 1348 3944 τέ-

245 3997 360 4049 τμηται,
384 3979 431 4030 καὶ
449 3974 465 4043 ἦ
485 3978 550 4048 μὲν
563 3974 666 4040 Ἀσία,
689 3973 705 4042 ἡ
724 3976 760 4031 δὲ
777 3974 923 4049 Εὐρώπη
941 3979 1070 4030 καλεῖται.
1104 3977 1232 4046 Europae
1249 3996 1349 4032 nomen

154 4074 159 4080 “
245 4068 365 4136 primum
383 4065 537 4119 invenimus
554 4065 584 4118 in
601 4066 695 4134 hymn.
713 4065 793 4120 Hom.
811 4068 840 4120 in
859 4065 950 4134 Apoll.
968 4083 993 4118 v.
1007 4067 1056 4116 251
1072 4067 1100 4117 et
1117 4066 1181 4118 291:
1199 4062 1270 4136 ἡμὲν
1287 4061 1349 4119 ὅσοι

247 4150 464 4219 Πελοπόννησον
482 4156 591 4223 πίειραν
610 4154 730 4221 ἔχουσιν,
755 4150 799 4218 ηδ’
818 4148 882 4203 ὅσοι
899 4145 1063 4222 Εὐρώπην
1080 4168 1108 4204 τε
1127 4153 1174 4204 καὶ
1192 4149 1348 4224 ἀμφιρύτας

245 4237 315 4293 κατὰ
332 4235 445 4306 νήσους,
464 4258 630 4308 quamquam
647 4242 686 4294 ibi
702 4241 772 4294 nihil
792 4240 868 4295 aliud
886 4257 918 4294 ae
936 4239 1051 4293 Graecia
1068 4240 1290 4309 septentrionalis
1308 4241 1346 4294 ri-

245 4330 326 4382 detur
338 4327 489 4397 significari
506 4328 552 4397 (cf.
563 4329 682 4384 Vblcker
699 4328 769 4395 l.1.).
787 4328 870 4382 Asiae
888 4331 980 4382 autem
992 4325 1129 4382 Pindarus
1145 4328 1256 4382 demum
1272 4345 1347 4382 men-

244 4417 347 4470 tionem
366 4417 435 4472 facit
452 4416 494 4470 01.
512 4417 572 4486 VII,
593 4418 633 4485 18,
653 4420 736 4485 atque
753 4416 852 4470 Aeach.
872 4416 961 4469 Prom.
981 4417 1041 4484 412,
1059 4413 1112 4466 47³
1131 4432 1155 4468 a.
1168 4415 1186 4467 l.
