3334 5217
857 520 899 584 22

326 715 517 801 monuerunt
536 710 579 793 ¹);
613 727 692 790 quos
713 729 754 772 ne
780 705 813 771 id
841 706 968 789 quidem
989 705 1090 789 fugit,
1123 727 1217 789 quem
1238 705 1281 770 ad
1300 705 1431 772 modum

326 811 569 876 Lacedaemonii
598 831 726 887 eorum,
765 830 847 892 quae
868 809 1076 874 Athenienses
1107 808 1200 874 bellis
1227 808 1360 873 Persicis
1390 808 1431 872 de

328 913 480 978 Graeciae
502 912 649 978 libertate
670 912 875 990 meruissent,
905 911 1060 998 oblivione
1076 913 1105 996 ²)
1136 911 1255 975 Atridis
1282 911 1345 974 illis
1373 932 1431 974 au-

327 1015 396 1079 xilii
425 1014 467 1080 ab
494 1014 594 1099 Ajace
622 1016 656 1079 iu
685 1015 813 1079 navium
842 1013 988 1078 incendio
1014 1013 1160 1095 praestiti
1174 1015 1206 1096 ³)
1240 1011 1432 1078 immemori-

327 1117 429 1202 bue⁴)
451 1122 556 1182 essent
578 1116 729 1182 simillimi
745 1118 784 1201 ⁵),
849 1099 856 1112 ⁹

413 1218 576 1283 Menelaus
589 1239 663 1283 vero
679 1239 776 1300 quum
788 1217 838 1282 illi
852 1218 1038 1283 insolentiae
1050 1238 1205 1282 summam
1219 1215 1318 1280 addat
1332 1216 1432 1282 male-

246 1354 248 1357 ·
328 1320 453 1386 dicendi
482 1320 707 1403 cupiditatem,
750 1325 846 1401 atque
876 1320 1035 1403 ignaviam
1062 1319 1128 1384 fere
1157 1322 1189 1383 et
1217 1317 1431 1397 timiditatem,

328 1444 426 1504 quum
448 1428 561 1487 contra
582 1443 669 1500 eum,
692 1442 786 1504 quem
806 1423 911 1486 vivum
933 1421 1059 1486 laedere
1080 1441 1146 1485 non
1168 1426 1324 1502 potuerat,
1346 1443 1431 1486 mor-

327 1531 417 1589 tuum
439 1525 544 1589 furere
565 1524 724 1603 conetur,
760 1524 819 1588 tali
849 1525 917 1608 ejus
939 1522 1150 1606 descriptione
1171 1521 1253 1586 nihil
1273 1523 1429 1605 reliquum

328 1626 404 1691 fecit
425 1631 537 1710 poeta,
559 1626 636 1709 quin
657 1625 747 1705 odio,
770 1646 833 1708 quo
856 1624 1064 1690 Athenienses
1086 1631 1198 1689 contra
1219 1623 1431 1690 Lacedaemo-

327 1728 398 1793 nios
419 1729 538 1793 incensi
559 1732 665 1807 erant,
686 1727 898 1793 velificaretur
914 1729 952 1810 ⁶).
997 1727 1105 1792 Simile
1125 1733 1231 1792 autem
1253 1727 1374 1809 aliquid
1396 1728 1431 1792 in

328 1831 574 1915 Agamemnonis
593 1830 734 1895 moribus
756 1829 963 1914 depingendis
991 1850 1062 1893 eum
1090 1850 1157 1894 esse
1179 1835 1340 1908 secutum,
1376 1830 1431 1912 qui

328 1933 486 2016 digniores
515 1931 643 2015 quidem
669 1953 765 2014 quam
787 1931 924 1996 Menelai
953 1931 1159 1995 dominatoris
1188 1937 1294 1997 tamen
1323 1938 1354 1997 et
1380 1937 1431 2016 ty-

328 2034 423 2101 ranni
443 2033 581 2100 indolem
602 2056 680 2118 prae
701 2055 735 2100 se
760 2033 876 2112 ferunt,
898 2034 959 2099 hoo
981 2033 1045 2098 alio
1069 2033 1139 2098 loco
1162 2033 1319 2117 copiosius
1340 2034 1432 2100 nobis

330 2136 391 2202 erit
413 2137 642 2221 exponendum.

844 2381 873 2459 ς.
893 2376 923 2440 5.

313 2558 316 2563 ·
414 2527 484 2604 Quo
509 2524 705 2591 acerbiorem
734 2530 846 2589 contra
868 2523 996 2590 Atridas
1025 2547 1092 2590 sese
1114 2527 1307 2609 praestiterit
1328 2533 1433 2611 poeta,

329 2650 366 2693 eo
389 2628 490 2711 magis
511 2627 619 2712 Ajaci‚
655 2626 833 2692 Telamonis
855 2627 921 2692 filio
943 2648 1014 2692 eum
1035 2628 1170 2706 favisse,
1203 2630 1273 2713 jam
1294 2651 1390 2713 supra
1412 2651 1434 2695 a

329 2729 420 2794 nobis
437 2729 599 2794 ⁴monitum
620 2734 677 2792 est.
721 2729 815 2793 Hunc
837 2730 920 2794 enim
934 2728 1140 2794 Athenienses
1160 2730 1233 2795 inde
1255 2753 1294 2796 ex
1309 2731 1434 2796 Solonis

329 2837 489 2914 tempore,
512 2852 575 2912 quo
597 2830 731 2895 Salamis
752 2831 858 2895 insula
879 2830 982 2894 atroci
1003 2833 1175 2912 certamine
1196 2833 1435 2917 Megarensibus

331 2938 441 3016 erepta
463 2937 533 2997 erat
548 2935 587 3017 ⁷),
610 2953 647 2996 eo
668 2932 790 3016 majore
812 2931 918 2997 studio
941 2938 1036 3016 atquc
1058 2955 1165 3000 amore
1188 2935 1325 3018 amplexi
1348 2941 1435 3014 sunt,

330 3056 428 3117 quum
458 3055 497 3099 ex
527 3034 671 3100 omnibus
702 3034 852 3100 heroibus
874 3035 908 3099 in
929 3035 1059 3101 Homeri
1080 3036 1273 3103 carminibus
1294 3037 1435 3103 celebra

330 3138 372 3202 tis
394 3159 464 3202 eum
487 3137 552 3202 iere
573 3138 703 3202 unicum
724 3160 797 3203 cum
815 3139 889 3222 jure
911 3137 1048 3220 quodam
1071 3160 1161 3204 suum
1184 3139 1345 3223 appellare
1360 3161 1436 3224 pos-

330 3245 401 3304 sent
416 3240 454 3325 8).
498 3239 609 3320 Itaque
630 3239 767 3305 maxime
788 3239 988 3305 honoratum·
1001 3263 1073 3306 eum
1092 3241 1226 3307 Athenis
1246 3241 1435 3308 invenimus

331 3378 536 3389 ...-—..--—..-—-

401 3444 422 3513 ¹)
457 3444 803 3511 Doderleinl.1.p.1as.
840 3444 988 3513 Welcker,
1022 3444 1114 3499 Ueber
1134 3445 1160 3498 d.
1179 3445 1246 3514 Ajas
1265 3447 1314 3500 des
1331 3448 1436 3516 Sopho·

331 3533 387 3586 cles
406 3562 437 3571 -
457 3531 549 3585 kleine
567 3529 706 3584 Schriften
723 3531 772 3599 111,
791 3549 818 3599 p.
832 3532 894 3584 336.

402 3620 427 3682 ’1)
461 3618 548 3686 Quam
564 3620 673 3688 legatus
690 3618 738 3670 ille'
750 3617 961 3672 Atheniensium
973 3619 1002 3672 in
1015 3619 1216 3687 Spartiatarum
1229 3622 1346 3676 concilio
1358 3640 1436 3677 coar·

331 3707 406 3777 guit3
429 3705 464 3759 cf.
483 3697 567 3759 Thuc'.
584 3706 606 3772 Ι,
626 3704 673 3756 75:
700 3697 752 3775 Ἆρ’
772 3700 846 3763 ἄξιοί
861 3705 953 3775 ἐσμεν,
973 3699 994 3756 oi
1011 3702 1241 3776 Λακεδαιμόνιοι,
1261 3711 1307 3760 καὶ
1325 3716 1438 3781 προθυ-

331 3797 398 3862 μίας
416 3791 495 3844 ἕνεκα
513 3794 561 3857 τῆς
577 3786 638 3842 τότε
656 3791 703 3842 καὶ
719 3786 831 3861 γνώμης
849 3792 996 3855 ξυνέσεως,
1028 3789 1115 3864 ἀρχῆς
1132 3811 1163 3863 γε
1181 3783 1212 3860 ἧς
1230 3795 1347 3866 ἔχομεν,
1378 3804 1438 3858 τοῖς

327 3875 437 3945 Ἕλλησι
453 3875 493 3949 μὴ
512 3873 596 3936 οὕτως
613 3872 686 3947 ἄγαν
705 3875 868 3948 ἐπιφθόνως
886 3878 1064 3943 decretoriam

402 3966 426 4025 3)
463 3965 497 4021 cf.
516 3967 549 4020 11.
568 3965 599 4036 0,
618 3967 669 4017 415
688 3983 748 4036 sqq.

401 4054 426 4123 ⁴)
461 4054 540 4121 Quod
558 4055 663 4108 Teucer
679 4053 714 4107 iis
731 4071 757 4108 v.
777 4055 845 4107 1266
865 4072 932 4124 sqq,
951 4073 977 4110 v.
998 4055 1065 4108 1272
1085 4073 1143 4125 sqq.
1162 4054 1320 4125 exprobrat.

403 4142 426 4210 ⁵)
462 4140 497 4194 cf.
515 4141 666 4195 Doderlein
685 4141 704 4194 l.
722 4141 740 4194 l.

403 4231 424 4294 θ)
461 4228 495 4283 cf.
514 4228 627 4283 Lobeck
645 4229 681 4282 ad
700 4227 744 4297 Α).
762 4247 788 4283 v.
809 4227 886 4282 1127.

403 4316 427 4385 ⁷)
462 4316 497 4372 cf.
514 4317 586 4370 Plut.
602 4315 661 4370 Sol.
679 4317 707 4370 C.
724 4315 790 4370 Vlll
807 4333 867 4384 sqq.
900 4315 1000 4369 Strabo
1018 4318 1124 4384 p.‚3as.
1160 4316 1240 4369 Pane.
1258 4316 1280 4383 Ι,
1297 4317 1340 4382 40,
1361 4317 1386 4370 t.

404 4403 427 4472 8)
461 4403 638 4459 Menestheus
656 4403 744 4473 enim,
762 4420 929 4473 quamquam
943 4403 1002 4472 jam
1020 4403 1055 4456 sb
1072 4403 1192 4458 Homero
1211 4403 1268 4456 dux
1285 4401 1436 4458 Athenien-
