3334 5217
750 519 791 583 37

305 711 408 788 Quum
431 709 500 791 jam
523 729 620 789 supra
642 706 825 771 Atridarum
849 712 880 771 et
901 708 1043 790 Aegisthi
1066 710 1257 783 mentionem
1279 710 1324 776 fe·

220 815 362 889 oerimus,
385 831 520 894 quorum
542 830 644 873 mores
664 829 729 872 non
745 808 849 871 minus
864 808 1015 873 invidiose
1030 831 1050 873 a
1064 817 1159 892 poeta
1176 811 1325 894 descripti

221 922 309 993 sunt,
342 914 380 978 de
404 913 467 977 illis
495 917 620 976 tantum
649 910 841 974 brevissimis
870 911 973 975 verbis
1003 911 1154 977 disserere
1177 913 1323 978 sufficiet.

220 1018 279 1095 Qui
301 1016 360 1081 etsi
377 1015 446 1099 jam
467 1015 552 1096 apud
574 1011 755 1089 Homerum,
778 1033 935 1075 summum
950 1013 1149 1078 Achaeorum
1169 1016 1323 1079 exercitus

218 1120 384 1202 imperium
406 1116 598 1191 obtinenteS,
627 1115 711 1177 iuter
733 1117 854 1177 ceteros
875 1115 1034 1198 principes
1056 1118 1194 1181 eminent
1215 1123 1325 1181 aucto·

218 1222 313 1286 ritate
333 1225 366 1284 et
387 1219 539 1302 potentie,
560 1216 688 1280 minime
711 1221 817 1279 tamen
841 1237 879 1278 ea
901 1217 1047 1282 absoluta
1072 1225 1227 1300 potestate
1251 1226 1325 1283 sunt

218 1323 380 1399 instructi,
410 1342 475 1402 qua
495 1320 581 1401 apud
603 1317 791 1401 Sophoclem
814 1338 922 1382 omnes
946 1325 1066 1383 ceteros
1089 1320 1325 1407 δημογέροντας

218 1430 328 1489 tenent
351 1422 518 1506 subjectos.
564 1421 690 1498 Quanto
720 1425 826 1484 autem
857 1420 989 1485 arbitrio
1018 1422 1051 1485 in
1082 1444 1134 1487 eos
1163 1425 1324 1489 consulere
1432 1463 1436 1472 ·

220 1527 278 1590 sibi
300 1524 518 1608 permiserint,
550 1523 658 1606 Ajacis
687 1522 885 1604 potissimum
915 1523 1057 1604 exemplo
1081 1525 1324 1603 demonstratur,
1437 1521 1441 1530 ’

219 1629 273 1712 qui
294 1634 327 1693 et
348 1628 416 1710 ipse
436 1646 501 1689 non
523 1630 643 1707 potest,
677 1625 753 1705 quin
776 1645 884 1688 eorum
906 1622 1115 1689 dominationi
1139 1649 1205 1692 sese
1227 1629 1325 1712 subji-

220 1732 300 1808 ciat3
330 1729 370 1794 of.
394 1729 444 1812 Aj.
465 1751 495 1791 v.
518 1726 597 1790 668:

349 1824 500 1916 ἄρχοντές
521 1823 613 1909 εἰσιν,
638 1822 716 1893 ὥστ’
739 1823 923 1894 ὕπεικτὲον.

219 1935 391 2018 Postquam
413 1953 487 1997 vero
508 1953 606 1996 manu
629 1953 686 1996 sua
708 1931 833 2010 occidit,
855 1953 895 1995 ne
918 1933 1099 2014 sepulturae
1122 1933 1248 2014 quidem
1267 1934 1325 1998 ho-

219 2058 329 2102 norem
355 2036 468 2101 volunt
494 2037 522 2100 ei
551 2034 731 2099 concedere.
780 2033 948 2098 Praeterea
970 2034 1097 2115 qualem
1118 2040 1325 2118 tyrannorum

220 2139 359 2204 indolem
395 2139 520 2220 spirant
556 2158 664 2201 eorum
698 2134 796 2201 verba
831 2158 860 2199 v.
898 2135 989 2199 1050.
1023 2135 1104 2198 1068
1128 2157 1195 2218 sqq.
1233 2137 1323 2200 1089.

222 2241 303 2306 1232
325 2261 394 2323 sqq.
432 2240 515 2302 1260
537 2259 624 2320 sqq,
662 2238 776 2318 quibus
808 2238 906 2302 totius
940 2238 1096 2302 exercitus
1129 2238 1324 2304 dominatum

219 2344 285 2407 sine
305 2343 373 2407 ullo
391 2343 464 2426 jure
486 2341 545 2405 sibi
567 2341 746 2420 vindicant3
772 2341 811 2405 cf.
834 2363 863 2403 v.
881 2341 963 2402 1100
979 2361 1047 2422 sqq.
1135 2340 1200 2404 Nec
1221 2337 1325 2404 minus

219 2444 398 2508 absolutum
421 2465 529 2508 eorum
552 2444 718 2527 imperium
742 2465 759 2507 e
781 2443 959 2507 Philocteta
981 2441 1091 2506 fabula
1113 2442 1325 2526 licetcogno-

219 2568 314 2625 scere,
336 2547 391 2611 ubi
412 2568 440 2608 v.
458 2547 488 2609 6.
511 2546 573 2608 386
590 2566 657 2627 sqq.
682 2545 754 2608 926.
780 2544 863 2607 1024
885 2564 953 2626 sqq.
977 2545 1017 2608 ab
1042 2545 1223 2609 Atridarum
1246 2553 1326 2612 nutu
1399 2627 1402 2634 .

220 2649 325 2712 omnia
353 2649 490 2730 pendero
519 2670 583 2711 non
613 2645 746 2712 obscure
774 2646 948 2711 indicatum
979 2652 1034 2710 est.
1087 2645 1231 2728 Denique
1252 2671 1326 2714 vero

218 2750 279 2815 hoc
293 2751 365 2815 loco
379 2772 445 2814 non
456 2750 581 2815 videtur
594 2749 870 2833 praetereundum,
887 2749 971 2832 quod
984 2750 1053 2833 jem
1069 2770 1164 2832 supra
1176 2750 1230 2833 (cf.
1243 2755 1271 2832 ξ.
1280 2752 1325 2834 3.)

218 2854 315 2919 verbo
336 2854 524 2930 notavimus
548 2853 653 2917 odium
676 2851 756 2915 illud
778 2851 905 2934 gentile,
936 2872 999 2934 quo
1021 2851 1228 2918 Athenienses
1251 2876 1326 2918 con-

219 2961 269 3021 tra
289 2955 557 3020 Lacedaemonios
585 2976 682 3036 quum
705 2955 805 3031 omni,
836 2960 903 3016 tum
935 2953 1099 3036 Sophoclis
1128 2957 1326 3038 potissimum

218 3064 361 3141 tempore
382 3056 571 3140 flagrabant,
593 3057 785 3139 permultum
807 3056 989 3132 contulisse,
1013 3062 1049 3120 ut
1070 3062 1165 3139 poeta
1189 3059 1325 3137 Atridas,

219 3181 297 3241 quos
319 3161 447 3224 illorum
469 3180 603 3242 proavos
626 3158 717 3241 fingit
739 3160 793 3239 (of.
817 3158 907 3223 eand.
932 3159 987 3241 §.),
1008 3162 1074 3221 tarn
1098 3159 1250 3226 invidiose
1272 3162 1326 3226 de-

218 3264 377 3327 scriberet.
435 3263 540 3342 Atque
569 3282 641 3325 cum
670 3261 720 3326 his
751 3284 803 3326 eos
832 3283 951 3340 mores,
985 3283 1024 3326 ex
1054 3261 1169 3343 quibus
1197 3265 1329 3347 tyranni·

218 3384 348 3446 prorsus
362 3368 578 3447 agnoscuntur
591 3363 747 3443 tribuerit,
771 3365 831 3428 hae
846 3386 880 3429 re
895 3364 1016 3448 regium
1032 3365 1207 3447 imperium,
1231 3368 1324 3448 qua-le

219 3468 304 3550 apud
326 3466 592 3530 Lacedaemonios
613 3467 674 3530 fuit
702 3467 899 3543 institutum,
930 3468 1066 3531 maxime
1094 3467 1228 3532 invisum
1254 3471 1325 3534 uni·

220 3571 332 3652 cuique
353 3569 413 3633 civi
436 3568 636 3645 Atheniensi,
670 3570 881 3652 perstringere
902 3570 1038 3634 voluisse
1059 3575 1202 3653 poetam,
1230 3571 1324 3636 facile

217 3672 414 3755 perspicitur.

217 3983 289 4037 Plut.
302 3983 383 4035 Thes.
401 3998 425 4034 c.
438 3982 481 4034 32.
500 3984 528 4034 et
546 3979 681 4048 imprimis
699 3979 778 4033 Pane.
791 3981 812 4049 I,
826 3981 851 4047 3,
866 3981 895 4031 3:
914 3973 989 4030 Στοὰ
1001 3975 1033 4029 δὲ
1050 3982 1166 4056 'neuter
1179 3974 1323 4048 ᾠκοδόμη-

217 4088 262 4122 ται
279 4071 358 4140 (dicit
372 4068 550 4122 deCeramici
562 4067 724 4135 porticibus)
741 4063 852 4138 γραφὰς
869 4067 980 4136 ἔχουσα,
1000 4060 1081 4122 θεοὺς
1099 4060 1206 4116 doldexu
1224 4067 1322 4116 καλου-

217 4161 329 4226 μένους·
354 4157 403 4209 rur
421 4155 453 4207 dt
471 4159 509 4222 τῷ
525 4158 610 4222 τοίχῳ
633 4158 671 4221 τῷ
688 4157 777 4224 πέραν
796 4148 899 4218 Θησεύς
915 4154 974 4205 ἐστι
991 4157 1182 4222 γεγραμμένος
1200 4155 1245 4204 καὶ
1263 4156 1322 4217 Δη-

217 4248 352 4316 μοκρατία
369 4260 397 4294 τε
416 4243 462 4293 καὶ
480 4245 584 4310 Δῆμος.
620 4242 709 4304 Δηλοῖ
726 4239 756 4293 dl
776 4235 791 4305 ἡ
809 4236 903 4310 γραφὴ
924 4242 1014 4305 Θησέα
1032 4237 1105 4290 εἶναί
1120 4236 1168 4290 τὸν
1186 4234 1322 4305 καταστή-

219 4326 304 4383 uam
322 4336 379 4388 τοῖς
392 4329 546 4394 Ἀθηναίοις
565 4329 594 4386 ἔξ
610 4332 673 4378 ἴσου
690 4322 884 4378 πολιτεύεσθαι
902 4346 926 4380 κ.
945 4344 967 4380 τ.
986 4328 1008 4378 l.
