<?xml version="1.0" encoding="UTF-8"?>
<!DOCTYPE html PUBLIC "-//W3C//DTD XHTML 1.0 Transitional//EN"
    "http://www.w3.org/TR/xhtml1/DTD/xhtml1-transitional.dtd">
<html xmlns="http://www.w3.org/1999/xhtml" xml:lang="en" lang="en">
 <head>
  <title>
</title>
<meta http-equiv="Content-Type" content="text/html;charset=utf-8" />
  <meta name='ocr-system' content='tesseract 3.04.00' />
  <meta name='ocr-capabilities' content='ocr_page ocr_carea ocr_par ocr_line ocrx_word'/>
</head>
<body>
  <div class='ocr_page' id='page_1' title='image "./sophoclesquomod00goecgoog_0027.png"; bbox 0 0 3334 5217; ppageno 0'>
   <div class='ocr_carea' id='block_1_1' title="bbox 783 463 825 525">
    <p class='ocr_par' dir='ltr' id='par_1_1' title="bbox 783 463 825 525">
     <span class='ocr_line' id='line_1_1' title="bbox 783 463 825 525; baseline -0.024 0"><span class='ocrx_word' id='word_1_1' title='bbox 783 463 825 525; x_wconf 82' lang='lat'>23</span> 
     </span>
    </p>
   </div>
   <div class='ocr_carea' id='block_1_2' title="bbox 246 639 1356 2881">
    <p class='ocr_par' dir='ltr' id='par_1_2' title="bbox 251 639 1356 1040">
     <span class='ocr_line' id='line_1_2' title="bbox 252 639 1353 738; baseline 0.009 -30"><span class='ocrx_word' id='word_1_2' title='bbox 252 645 280 708; x_wconf 91' lang='lat' dir='ltr'>A</span> <span class='ocrx_word' id='word_1_3' title='bbox 304 644 465 711; x_wconf 86' lang='lat' dir='ltr'>Clisthene</span> <span class='ocrx_word' id='word_1_4' title='bbox 493 649 576 712; x_wconf 88' lang='lat' dir='ltr'>inter</span> <span class='ocrx_word' id='word_1_5' title='bbox 598 648 706 713; x_wconf 90' lang='lat' dir='ltr'>decem</span> <span class='ocrx_word' id='word_1_6' title='bbox 727 639 868 715; x_wconf 88' lang='lat' dir='ltr'>tribuum</span> <span class='ocrx_word' id='word_1_7' title='bbox 890 671 1061 735; x_wconf 89' lang='lat' dir='ltr'>eponymcs</span> <span class='ocrx_word' id='word_1_8' title='bbox 1083 658 1227 734; x_wconf 91' lang='lat' dir='ltr'>receptus</span> <span class='ocrx_word' id='word_1_9' title='bbox 1250 659 1298 718; x_wconf 89' lang='lat' dir='ltr'>est</span> <span class='ocrx_word' id='word_1_10' title='bbox 1315 657 1353 738; x_wconf 88' lang='lat'>¹),</span> 
     </span>
     <span class='ocr_line' id='line_1_3' title="bbox 251 750 1354 839; baseline 0.008 -28"><span class='ocrx_word' id='word_1_11' title='bbox 251 754 348 830; x_wconf 89' lang='lat' dir='ltr'>atque</span> <span class='ocrx_word' id='word_1_12' title='bbox 362 755 398 813; x_wconf 92' lang='lat' dir='ltr'>ut</span> <span class='ocrx_word' id='word_1_13' title='bbox 413 750 587 814; x_wconf 81' lang='lat' dir='ltr'><strong>Pausanias</strong></span> <span class='ocrx_word' id='word_1_14' title='bbox 609 773 716 817; x_wconf 88' lang='lat' dir='ltr'>rerum</span> <span class='ocrx_word' id='word_1_15' title='bbox 737 752 792 816; x_wconf 93' lang='lat' dir='ltr'>ille</span> <span class='ocrx_word' id='word_1_16' title='bbox 814 753 948 835; x_wconf 83' lang='lat' dir='ltr'>scriptos</span> <span class='ocrx_word' id='word_1_17' title='bbox 970 759 1115 831; x_wconf 85' lang='lat' dir='ltr'>testatur,</span> <span class='ocrx_word' id='word_1_18' title='bbox 1138 755 1234 819; x_wconf 90' lang='lat' dir='ltr'>etiam</span> <span class='ocrx_word' id='word_1_19' title='bbox 1256 757 1354 839; x_wconf 90' lang='lat' dir='ltr'>ipsius</span> 
     </span>
     <span class='ocr_line' id='line_1_4' title="bbox 251 852 1356 940; baseline 0.007 -25"><span class='ocrx_word' id='word_1_20' title='bbox 251 857 392 934; x_wconf 89' lang='lat' dir='ltr'>tempore</span> <span class='ocrx_word' id='word_1_21' title='bbox 426 852 454 917; x_wconf 90' lang='lat' dir='ltr'>ei</span> <span class='ocrx_word' id='word_1_22' title='bbox 483 858 580 934; x_wconf 87' lang='lat' dir='ltr'>atque</span> <span class='ocrx_word' id='word_1_23' title='bbox 609 852 761 940; x_wconf 72' lang='lat' dir='ltr'>Eurysaci</span> <span class='ocrx_word' id='word_1_24' title='bbox 789 854 856 919; x_wconf 88' lang='lat' dir='ltr'>filio</span> <span class='ocrx_word' id='word_1_25' title='bbox 886 855 983 920; x_wconf 89' lang='lat' dir='ltr'>divini</span> <span class='ocrx_word' id='word_1_26' title='bbox 1010 856 1146 921; x_wconf 85' lang='lat' dir='ltr'>honores</span> <span class='ocrx_word' id='word_1_27' title='bbox 1173 858 1356 923; x_wconf 88' lang='lat' dir='ltr'>tribueban-</span> 
     </span>
     <span class='ocr_line' id='line_1_5' title="bbox 251 950 646 1040; baseline 0.003 -22"><span class='ocrx_word' id='word_1_28' title='bbox 251 960 304 1018; x_wconf 91' lang='lat' dir='ltr'>tur</span> <span class='ocrx_word' id='word_1_29' title='bbox 320 954 361 1040; x_wconf 80' lang='grc'>2).</span> <span class='ocrx_word' id='word_1_30' title='bbox 641 950 646 958; x_wconf 75' lang='grc'><em>’</em></span> 
     </span>
    </p>

    <p class='ocr_par' dir='ltr' id='par_1_3' title="bbox 246 1055 1356 2266">
     <span class='ocr_line' id='line_1_6' title="bbox 336 1055 1355 1143; baseline 0.006 -23"><span class='ocrx_word' id='word_1_31' title='bbox 336 1056 386 1120; x_wconf 84' lang='lat' dir='ltr'>ldx</span> <span class='ocrx_word' id='word_1_32' title='bbox 415 1056 466 1121; x_wconf 90' lang='lat' dir='ltr'>his</span> <span class='ocrx_word' id='word_1_33' title='bbox 493 1055 587 1132; x_wconf 89' lang='lat' dir='ltr'>rebus</span> <span class='ocrx_word' id='word_1_34' title='bbox 613 1057 682 1140; x_wconf 86' lang='lat' dir='ltr'>jam</span> <span class='ocrx_word' id='word_1_35' title='bbox 710 1059 911 1142; x_wconf 90' lang='lat' dir='ltr'>perspicuum</span> <span class='ocrx_word' id='word_1_36' title='bbox 941 1066 1008 1140; x_wconf 91' lang='lat' dir='ltr'>est,</span> <span class='ocrx_word' id='word_1_37' title='bbox 1047 1082 1142 1143; x_wconf 87' lang='lat' dir='ltr'>quam</span> <span class='ocrx_word' id='word_1_38' title='bbox 1165 1061 1204 1126; x_wconf 91' lang='lat' dir='ltr'>ob</span> <span class='ocrx_word' id='word_1_39' title='bbox 1226 1083 1355 1126; x_wconf 87' lang='lat' dir='ltr'>causam</span> 
     </span>
     <span class='ocr_line' id='line_1_7' title="bbox 251 1153 1356 1244; baseline 0.003 -20"><span class='ocrx_word' id='word_1_40' title='bbox 251 1159 457 1224; x_wconf 76' lang='lat' dir='ltr'>Athenienses</span> <span class='ocrx_word' id='word_1_41' title='bbox 483 1158 645 1223; x_wconf 83' lang='lat' dir='ltr'>Salamina</span> <span class='ocrx_word' id='word_1_42' title='bbox 673 1161 810 1226; x_wconf 90' lang='lat' dir='ltr'>insulam</span> <span class='ocrx_word' id='word_1_43' title='bbox 841 1153 1036 1244; x_wconf 85' lang='lat' dir='ltr'>summopere</span> <span class='ocrx_word' id='word_1_44' title='bbox 1063 1164 1210 1229; x_wconf 90' lang='lat' dir='ltr'>colebant</span> <span class='ocrx_word' id='word_1_45' title='bbox 1232 1169 1264 1229; x_wconf 87' lang='lat' dir='ltr'>et</span> <span class='ocrx_word' id='word_1_46' title='bbox 1285 1163 1356 1228; x_wconf 91' lang='lat' dir='ltr'>dili-</span> 
     </span>
     <span class='ocr_line' id='line_1_8' title="bbox 250 1261 1356 1351; baseline 0.004 -25"><span class='ocrx_word' id='word_1_47' title='bbox 250 1261 385 1346; x_wconf 83' lang='lat' dir='ltr'>gebant3</span> <span class='ocrx_word' id='word_1_48' title='bbox 421 1283 479 1326; x_wconf 89' lang='lat' dir='ltr'>nec</span> <span class='ocrx_word' id='word_1_49' title='bbox 507 1261 622 1325; x_wconf 90' lang='lat' dir='ltr'>mirum</span> <span class='ocrx_word' id='word_1_50' title='bbox 652 1263 753 1327; x_wconf 82' lang='lat' dir='ltr'>videri</span> <span class='ocrx_word' id='word_1_51' title='bbox 782 1269 906 1346; x_wconf 85' lang='lat' dir='ltr'>potest,</span> <span class='ocrx_word' id='word_1_52' title='bbox 945 1265 1030 1346; x_wconf 90' lang='lat' dir='ltr'>quod</span> <span class='ocrx_word' id='word_1_53' title='bbox 1052 1288 1115 1349; x_wconf 93' lang='lat' dir='ltr'>quo</span> <span class='ocrx_word' id='word_1_54' title='bbox 1136 1267 1258 1351; x_wconf 90' lang='lat' dir='ltr'>majore</span> <span class='ocrx_word' id='word_1_55' title='bbox 1283 1267 1356 1351; x_wconf 88' lang='lat' dir='ltr'>jure</span> 
     </span>
     <span class='ocr_line' id='line_1_9' title="bbox 249 1365 1351 1452; baseline 0.005 -23"><span class='ocrx_word' id='word_1_56' title='bbox 249 1365 379 1449; x_wconf 85' lang='lat' dir='ltr'>Ajacem</span> <span class='ocrx_word' id='word_1_57' title='bbox 402 1387 494 1428; x_wconf 91' lang='lat' dir='ltr'>suum</span> <span class='ocrx_word' id='word_1_58' title='bbox 514 1365 730 1444; x_wconf 83' lang='lat' dir='ltr'>vindicarent,</span> <span class='ocrx_word' id='word_1_59' title='bbox 766 1386 837 1429; x_wconf 91' lang='lat' dir='ltr'>eam</span> <span class='ocrx_word' id='word_1_60' title='bbox 863 1366 931 1448; x_wconf 89' lang='lat' dir='ltr'>jam</span> <span class='ocrx_word' id='word_1_61' title='bbox 953 1369 1180 1451; x_wconf 79' lang='lat' dir='ltr'>antiquissimis</span> <span class='ocrx_word' id='word_1_62' title='bbox 1202 1370 1351 1452; x_wconf 87' lang='lat' dir='ltr'>tempori·</span> 
     </span>
     <span class='ocr_line' id='line_1_10' title="bbox 248 1466 1351 1554; baseline 0.002 -22"><span class='ocrx_word' id='word_1_63' title='bbox 248 1469 309 1532; x_wconf 90' lang='lat' dir='ltr'>bus</span> <span class='ocrx_word' id='word_1_64' title='bbox 336 1466 377 1531; x_wconf 89' lang='lat' dir='ltr'>ad</span> <span class='ocrx_word' id='word_1_65' title='bbox 406 1472 523 1531; x_wconf 86' lang='lat' dir='ltr'>terram</span> <span class='ocrx_word' id='word_1_66' title='bbox 548 1467 687 1532; x_wconf 86' lang='lat' dir='ltr'>Atticam</span> <span class='ocrx_word' id='word_1_67' title='bbox 715 1467 858 1532; x_wconf 87' lang='lat' dir='ltr'>fecerunt</span> <span class='ocrx_word' id='word_1_68' title='bbox 887 1469 1104 1549; x_wconf 78' lang='lat' dir='ltr'>pertinentem.</span> <span class='ocrx_word' id='word_1_69' title='bbox 1148 1470 1260 1552; x_wconf 87' lang='lat' dir='ltr'>Itaque</span> <span class='ocrx_word' id='word_1_70' title='bbox 1282 1472 1351 1554; x_wconf 87' lang='lat' dir='ltr'>jam</span> 
     </span>
     <span class='ocr_line' id='line_1_11' title="bbox 249 1569 1353 1654; baseline 0.002 -19"><span class='ocrx_word' id='word_1_71' title='bbox 249 1570 291 1635; x_wconf 87' lang='lat' dir='ltr'>ab</span> <span class='ocrx_word' id='word_1_72' title='bbox 313 1569 473 1652; x_wconf 83' lang='lat' dir='ltr'>Eurysace</span> <span class='ocrx_word' id='word_1_73' title='bbox 496 1574 528 1632; x_wconf 91' lang='lat' dir='ltr'>et</span> <span class='ocrx_word' id='word_1_74' title='bbox 549 1569 688 1647; x_wconf 91' lang='lat' dir='ltr'>Philae0,</span> <span class='ocrx_word' id='word_1_75' title='bbox 711 1569 818 1653; x_wconf 85' lang='lat' dir='ltr'>Ajacis</span> <span class='ocrx_word' id='word_1_76' title='bbox 840 1569 922 1647; x_wconf 91' lang='lat' dir='ltr'>filiis,</span> <span class='ocrx_word' id='word_1_77' title='bbox 945 1571 1000 1652; x_wconf 93' lang='lat' dir='ltr'>qui</span> <span class='ocrx_word' id='word_1_78' title='bbox 1024 1572 1085 1654; x_wconf 89' lang='lat' dir='ltr'>ipsi</span> <span class='ocrx_word' id='word_1_79' title='bbox 1099 1573 1226 1637; x_wconf 88' lang='lat' dir='ltr'>civitate</span> <span class='ocrx_word' id='word_1_80' title='bbox 1248 1578 1353 1637; x_wconf 89' lang='lat' dir='ltr'>essent</span> 
     </span>
     <span class='ocr_line' id='line_1_12' title="bbox 249 1671 1352 1759; baseline 0.002 -23"><span class='ocrx_word' id='word_1_81' title='bbox 249 1672 376 1749; x_wconf 89' lang='lat' dir='ltr'>donati,</span> <span class='ocrx_word' id='word_1_82' title='bbox 406 1691 475 1736; x_wconf 91' lang='lat' dir='ltr'>eam</span> <span class='ocrx_word' id='word_1_83' title='bbox 498 1692 532 1735; x_wconf 91' lang='lat' dir='ltr'>se</span> <span class='ocrx_word' id='word_1_84' title='bbox 552 1671 705 1737; x_wconf 80' lang='lat' dir='ltr'>traditam</span> <span class='ocrx_word' id='word_1_85' title='bbox 727 1672 885 1754; x_wconf 89' lang='lat' dir='ltr'>accepisse</span> <span class='ocrx_word' id='word_1_86' title='bbox 908 1674 1142 1739; x_wconf 81' lang='lat' dir='ltr'>contendebant</span> <span class='ocrx_word' id='word_1_87' title='bbox 1157 1676 1203 1759; x_wconf 86' lang='lat'>³);</span> <span class='ocrx_word' id='word_1_88' title='bbox 1239 1695 1260 1738; x_wconf 91' lang='lat' dir='ltr'>a</span> <span class='ocrx_word' id='word_1_89' title='bbox 1282 1675 1352 1756; x_wconf 92' lang='lat' dir='ltr'>qui-</span> 
     </span>
     <span class='ocr_line' id='line_1_13' title="bbox 249 1773 1354 1854; baseline 0.001 -15"><span class='ocrx_word' id='word_1_90' title='bbox 249 1774 309 1839; x_wconf 89' lang='lat' dir='ltr'>bus</span> <span class='ocrx_word' id='word_1_91' title='bbox 330 1773 447 1838; x_wconf 90' lang='lat' dir='ltr'>eisdem</span> <span class='ocrx_word' id='word_1_92' title='bbox 475 1773 642 1838; x_wconf 83' lang='lat' dir='ltr'>clarissimi</span> <span class='ocrx_word' id='word_1_93' title='bbox 663 1773 903 1839; x_wconf 85' lang='lat' dir='ltr'>Atheniensium</span> <span class='ocrx_word' id='word_1_94' title='bbox 927 1774 995 1851; x_wconf 82' lang='lat' dir='ltr'>viri,</span> <span class='ocrx_word' id='word_1_95' title='bbox 1019 1775 1213 1854; x_wconf 87' lang='lat' dir='ltr'>Pisistratus,</span> <span class='ocrx_word' id='word_1_96' title='bbox 1236 1775 1354 1841; x_wconf 88' lang='lat' dir='ltr'>Miltia-</span> 
     </span>
     <span class='ocr_line' id='line_1_14' title="bbox 249 1876 1354 1962; baseline 0.003 -22"><span class='ocrx_word' id='word_1_97' title='bbox 249 1877 325 1955; x_wconf 89' lang='lat' dir='ltr'>des,</span> <span class='ocrx_word' id='word_1_98' title='bbox 358 1876 491 1954; x_wconf 84' lang='lat' dir='ltr'>Cimon,</span> <span class='ocrx_word' id='word_1_99' title='bbox 520 1876 576 1940; x_wconf 88' lang='lat' dir='ltr'>ahi</span> <span class='ocrx_word' id='word_1_100' title='bbox 602 1897 678 1941; x_wconf 88' lang='lat' dir='ltr'>suae</span> <span class='ocrx_word' id='word_1_101' title='bbox 700 1876 803 1958; x_wconf 84' lang='lat' dir='ltr'>gentis</span> <span class='ocrx_word' id='word_1_102' title='bbox 825 1877 977 1959; x_wconf 83' lang='lat' dir='ltr'>originem</span> <span class='ocrx_word' id='word_1_103' title='bbox 999 1877 1172 1942; x_wconf 87' lang='lat' dir='ltr'>trahebant</span> <span class='ocrx_word' id='word_1_104' title='bbox 1187 1880 1226 1962; x_wconf 78' lang='lat'>4).</span> <span class='ocrx_word' id='word_1_105' title='bbox 1271 1879 1354 1955; x_wconf 80' lang='lat' dir='ltr'>Quin</span> 
     </span>
     <span class='ocr_line' id='line_1_15' title="bbox 248 1979 1353 2060; baseline 0.001 -17"><span class='ocrx_word' id='word_1_106' title='bbox 248 1979 345 2043; x_wconf 88' lang='lat' dir='ltr'>etiam</span> <span class='ocrx_word' id='word_1_107' title='bbox 381 1979 479 2060; x_wconf 86' lang='lat' dir='ltr'>ipsius</span> <span class='ocrx_word' id='word_1_108' title='bbox 501 1979 630 2043; x_wconf 91' lang='lat' dir='ltr'>Homeri</span> <span class='ocrx_word' id='word_1_109' title='bbox 659 1979 797 2042; x_wconf 90' lang='lat' dir='ltr'>auctoris</span> <span class='ocrx_word' id='word_1_110' title='bbox 832 1979 1070 2060; x_wconf 88' lang='lat' dir='ltr'>locupletissimi</span> <span class='ocrx_word' id='word_1_111' title='bbox 1097 1981 1278 2045; x_wconf 85' lang='lat' dir='ltr'>testimonio</span> <span class='ocrx_word' id='word_1_112' title='bbox 1305 1981 1353 2044; x_wconf 92' lang='lat' dir='ltr'>illi</span> 
     </span>
     <span class='ocr_line' id='line_1_16' title="bbox 247 2079 1353 2163; baseline 0.001 -17"><span class='ocrx_word' id='word_1_113' title='bbox 247 2081 295 2146; x_wconf 88' lang='lat' dir='ltr'>rei</span> <span class='ocrx_word' id='word_1_114' title='bbox 314 2079 409 2145; x_wconf 88' lang='lat' dir='ltr'>fidem</span> <span class='ocrx_word' id='word_1_115' title='bbox 432 2080 548 2154; x_wconf 88' lang='lat' dir='ltr'>addere</span> <span class='ocrx_word' id='word_1_116' title='bbox 563 2080 743 2157; x_wconf 88' lang='lat' dir='ltr'>studebant,</span> <span class='ocrx_word' id='word_1_117' title='bbox 771 2085 803 2145; x_wconf 91' lang='lat' dir='ltr'>et</span> <span class='ocrx_word' id='word_1_118' title='bbox 823 2080 898 2144; x_wconf 88' lang='lat' dir='ltr'>inde</span> <span class='ocrx_word' id='word_1_119' title='bbox 919 2080 1079 2163; x_wconf 88' lang='lat' dir='ltr'>profectus</span> <span class='ocrx_word' id='word_1_120' title='bbox 1101 2088 1149 2147; x_wconf 91' lang='lat' dir='ltr'>est</span> <span class='ocrx_word' id='word_1_121' title='bbox 1170 2103 1277 2147; x_wconf 90' lang='lat' dir='ltr'>versus</span> <span class='ocrx_word' id='word_1_122' title='bbox 1298 2082 1353 2146; x_wconf 89' lang='lat' dir='ltr'>ille</span> 
     </span>
     <span class='ocr_line' id='line_1_17' title="bbox 246 2182 797 2266; baseline -0.005 -18"><span class='ocrx_word' id='word_1_123' title='bbox 246 2183 375 2248; x_wconf 88' lang='lat' dir='ltr'>navium</span> <span class='ocrx_word' id='word_1_124' title='bbox 395 2183 542 2266; x_wconf 85' lang='lat' dir='ltr'>catalogo</span> <span class='ocrx_word' id='word_1_125' title='bbox 562 2187 635 2264; x_wconf 87' lang='lat' dir='ltr'>post</span> <span class='ocrx_word' id='word_1_126' title='bbox 655 2185 695 2260; x_wconf 90' lang='lat' dir='ltr'>B,</span> <span class='ocrx_word' id='word_1_127' title='bbox 719 2182 797 2246; x_wconf 79' lang='lat'>557:</span> 
     </span>
    </p>

    <p class='ocr_par' dir='ltr' id='par_1_4' title="bbox 246 2274 1353 2881">
     <span class='ocr_line' id='line_1_18' title="bbox 449 2274 1268 2369; baseline -0.002 -21"><span class='ocrx_word' id='word_1_128' title='bbox 449 2279 544 2362; x_wconf 78' lang='grc' dir='ltr'><strong><em>Αἴας</em></strong></span> <span class='ocrx_word' id='word_1_129' title='bbox 565 2277 594 2348; x_wconf 75' lang='grc' dir='ltr'>δ’</span> <span class='ocrx_word' id='word_1_130' title='bbox 615 2281 651 2349; x_wconf 79' lang='grc' dir='ltr'>ἐκ</span> <span class='ocrx_word' id='word_1_131' title='bbox 673 2283 858 2366; x_wconf 80' lang='grc' dir='ltr'><strong><em>Σαλαμῖνος</em></strong></span> <span class='ocrx_word' id='word_1_132' title='bbox 879 2274 954 2368; x_wconf 69' lang='grc' dir='ltr'>ἆγεν</span> <span class='ocrx_word' id='word_1_133' title='bbox 976 2279 1170 2348; x_wconf 80' lang='grc' dir='ltr'><strong><em>δυοκαίδεκα</em></strong></span> <span class='ocrx_word' id='word_1_134' title='bbox 1190 2287 1268 2369; x_wconf 80' lang='grc' dir='ltr'><strong><em>νῆας</em></strong></span> 
     </span>
     <span class='ocr_line' id='line_1_19' title="bbox 267 2378 1314 2480; baseline -0.005 -25"><span class='ocrx_word' id='word_1_135' title='bbox 267 2392 421 2455; x_wconf 86' lang='lat' dir='ltr'>insertus:</span> <span class='ocrx_word' id='word_1_136' title='bbox 448 2391 548 2474; x_wconf 79' lang='grc' dir='ltr'><strong><em>στῆσε</em></strong></span> <span class='ocrx_word' id='word_1_137' title='bbox 569 2378 597 2450; x_wconf 77' lang='grc' dir='ltr'>δ’</span> <span class='ocrx_word' id='word_1_138' title='bbox 618 2379 704 2480; x_wconf 68' lang='grc' dir='ltr'><strong><em>ἅγιον</em></strong></span> <span class='ocrx_word' id='word_1_139' title='bbox 724 2379 765 2450; x_wconf 77' lang='grc' dir='ltr'>ἵν’</span> <span class='ocrx_word' id='word_1_140' title='bbox 779 2379 966 2472; x_wconf 79' lang='grc' dir='ltr'><strong><em>Ἀθηναίων</em></strong></span> <span class='ocrx_word' id='word_1_141' title='bbox 987 2385 1120 2450; x_wconf 77' lang='grc' dir='ltr'><strong><em>ἵσταντο</em></strong></span> <span class='ocrx_word' id='word_1_142' title='bbox 1143 2381 1314 2474; x_wconf 80' lang='grc' dir='ltr'><strong><em>φάλαγγες.</em></strong></span> 
     </span>
     <span class='ocr_line' id='line_1_20' title="bbox 246 2487 1353 2575; baseline -0.003 -19"><span class='ocrx_word' id='word_1_143' title='bbox 246 2493 362 2575; x_wconf 91' lang='lat' dir='ltr'>quibus</span> <span class='ocrx_word' id='word_1_144' title='bbox 383 2512 422 2556; x_wconf 87' lang='lat' dir='ltr'>ex</span> <span class='ocrx_word' id='word_1_145' title='bbox 442 2488 547 2554; x_wconf 81' lang='lat' dir='ltr'>verbis</span> <span class='ocrx_word' id='word_1_146' title='bbox 568 2487 713 2553; x_wconf 88' lang='lat' dir='ltr'>concludi</span> <span class='ocrx_word' id='word_1_147' title='bbox 733 2489 832 2564; x_wconf 86' lang='lat' dir='ltr'>licet,</span> <span class='ocrx_word' id='word_1_148' title='bbox 866 2488 934 2570; x_wconf 91' lang='lat' dir='ltr'>jam</span> <span class='ocrx_word' id='word_1_149' title='bbox 961 2488 1089 2571; x_wconf 86' lang='lat' dir='ltr'>Ajacem</span> <span class='ocrx_word' id='word_1_150' title='bbox 1114 2488 1353 2574; x_wconf 64' lang='lat' dir='ltr'>Atheniensium</span> 
     </span>
     <span class='ocr_line' id='line_1_21' title="bbox 246 2589 1353 2674; baseline -0.002 -16"><span class='ocrx_word' id='word_1_151' title='bbox 246 2594 399 2658; x_wconf 88' lang='lat' dir='ltr'>ditionem</span> <span class='ocrx_word' id='word_1_152' title='bbox 419 2591 592 2674; x_wconf 84' lang='lat' dir='ltr'>agnovisse.</span> <span class='ocrx_word' id='word_1_153' title='bbox 636 2590 679 2653; x_wconf 87' lang='lat' dir='ltr'>Et</span> <span class='ocrx_word' id='word_1_154' title='bbox 707 2590 792 2654; x_wconf 90' lang='lat' dir='ltr'>hunc</span> <span class='ocrx_word' id='word_1_155' title='bbox 821 2589 948 2671; x_wconf 85' lang='lat' dir='ltr'>quidem</span> <span class='ocrx_word' id='word_1_156' title='bbox 969 2611 1093 2654; x_wconf 86' lang='lat' dir='ltr'>versum</span> <span class='ocrx_word' id='word_1_157' title='bbox 1114 2597 1243 2655; x_wconf 86' lang='lat' dir='ltr'>auctore</span> <span class='ocrx_word' id='word_1_158' title='bbox 1265 2591 1353 2656; x_wconf 88' lang='lat' dir='ltr'>Stra·</span> 
     </span>
     <span class='ocr_line' id='line_1_22' title="bbox 248 2690 1353 2777; baseline -0.005 -16"><span class='ocrx_word' id='word_1_159' title='bbox 248 2696 330 2761; x_wconf 90' lang='lat' dir='ltr'>bone</span> <span class='ocrx_word' id='word_1_160' title='bbox 351 2716 382 2777; x_wconf 90' lang='lat' dir='ltr'>p.</span> <span class='ocrx_word' id='word_1_161' title='bbox 397 2693 461 2756; x_wconf 83' lang='lat'>394</span> <span class='ocrx_word' id='word_1_162' title='bbox 479 2693 548 2776; x_wconf 87' lang='lat' dir='ltr'>jam</span> <span class='ocrx_word' id='word_1_163' title='bbox 569 2697 690 2757; x_wconf 87' lang='lat' dir='ltr'>veteres</span> <span class='ocrx_word' id='word_1_164' title='bbox 712 2692 814 2756; x_wconf 83' lang='lat' dir='ltr'>critici</span> <span class='ocrx_word' id='word_1_165' title='bbox 835 2714 856 2756; x_wconf 89' lang='lat' dir='ltr'>a</span> <span class='ocrx_word' id='word_1_166' title='bbox 878 2690 992 2756; x_wconf 89' lang='lat' dir='ltr'>Solone</span> <span class='ocrx_word' id='word_1_167' title='bbox 1014 2697 1071 2756; x_wconf 90' lang='lat' dir='ltr'>aut</span> <span class='ocrx_word' id='word_1_168' title='bbox 1091 2691 1257 2757; x_wconf 84' lang='lat' dir='ltr'>Pisistrato</span> <span class='ocrx_word' id='word_1_169' title='bbox 1280 2715 1353 2776; x_wconf 92' lang='lat' dir='ltr'>sup-</span> 
     </span>
     <span class='ocr_line' id='line_1_23' title="bbox 247 2793 1351 2881; baseline -0.003 -18"><span class='ocrx_word' id='word_1_170' title='bbox 247 2798 385 2881; x_wconf 87' lang='lat' dir='ltr'>positum</span> <span class='ocrx_word' id='word_1_171' title='bbox 400 2817 467 2860; x_wconf 93' lang='lat' dir='ltr'>esse</span> <span class='ocrx_word' id='word_1_172' title='bbox 478 2796 705 2880; x_wconf 79' lang='lat' dir='ltr'>judicaverent.</span> <span class='ocrx_word' id='word_1_173' title='bbox 736 2795 776 2859; x_wconf 85' lang='lat' dir='ltr'>cs.</span> <span class='ocrx_word' id='word_1_174' title='bbox 799 2795 881 2859; x_wconf 88' lang='lat' dir='ltr'>Plut.</span> <span class='ocrx_word' id='word_1_175' title='bbox 904 2793 967 2859; x_wconf 89' lang='lat' dir='ltr'>Sol.</span> <span class='ocrx_word' id='word_1_176' title='bbox 997 2793 1029 2857; x_wconf 81' lang='grc' dir='ltr'>Ο.</span> <span class='ocrx_word' id='word_1_177' title='bbox 1049 2795 1096 2858; x_wconf 89' lang='grc'>10.</span> <span class='ocrx_word' id='word_1_178' title='bbox 1141 2794 1286 2860; x_wconf 86' lang='lat' dir='ltr'>Eustath.</span> <span class='ocrx_word' id='word_1_179' title='bbox 1309 2795 1351 2860; x_wconf 88' lang='lat' dir='ltr'>ad</span> 
     </span>
    </p>
   </div>
   <div class='ocr_carea' id='block_1_3' title="bbox 247 3029 1354 3455">
    <p class='ocr_par' dir='ltr' id='par_1_5' title="bbox 247 3029 1354 3369">
     <span class='ocr_line' id='line_1_24' title="bbox 247 3029 1354 3104; baseline -0.012 -9"><span class='ocrx_word' id='word_1_180' title='bbox 247 3043 318 3096; x_wconf 87' lang='lat' dir='ltr'>sium</span> <span class='ocrx_word' id='word_1_181' title='bbox 343 3039 417 3094; x_wconf 91' lang='lat' dir='ltr'>bello</span> <span class='ocrx_word' id='word_1_182' title='bbox 440 3035 559 3102; x_wconf 82' lang='lat' dir='ltr'>Trojano</span> <span class='ocrx_word' id='word_1_183' title='bbox 583 3033 723 3086; x_wconf 84' lang='lat' dir='ltr'>inducitur</span> <span class='ocrx_word' id='word_1_184' title='bbox 753 3031 800 3100; x_wconf 85' lang='lat' dir='ltr'>(cf.</span> <span class='ocrx_word' id='word_1_185' title='bbox 818 3031 850 3084; x_wconf 93' lang='lat' dir='ltr'>ll.</span> <span class='ocrx_word' id='word_1_186' title='bbox 874 3035 911 3090; x_wconf 91' lang='lat' dir='ltr'>B,</span> <span class='ocrx_word' id='word_1_187' title='bbox 931 3031 983 3081; x_wconf 79' lang='grc'>546</span> <span class='ocrx_word' id='word_1_188' title='bbox 1001 3049 1059 3098; x_wconf 88' lang='lat' dir='ltr'>sqq.</span> <span class='ocrx_word' id='word_1_189' title='bbox 1091 3034 1130 3092; x_wconf 77' lang='lat' dir='ltr'>A,</span> <span class='ocrx_word' id='word_1_190' title='bbox 1150 3029 1202 3082; x_wconf 82' lang='lat'>327</span> <span class='ocrx_word' id='word_1_191' title='bbox 1223 3031 1293 3104; x_wconf 77' lang='lat' dir='ltr'>sqq.)</span> <span class='ocrx_word' id='word_1_192' title='bbox 1325 3035 1354 3082; x_wconf 91' lang='lat' dir='ltr'>et</span> 
     </span>
     <span class='ocr_line' id='line_1_25' title="bbox 249 3101 1354 3193; baseline -0.016 -10"><span class='ocrx_word' id='word_1_193' title='bbox 249 3128 349 3183; x_wconf 85' lang='lat' dir='ltr'>Thesei</span> <span class='ocrx_word' id='word_1_194' title='bbox 369 3125 426 3190; x_wconf 89' lang='lat' dir='ltr'>filii,</span> <span class='ocrx_word' id='word_1_195' title='bbox 446 3140 562 3193; x_wconf 88' lang='lat' dir='ltr'>quorum</span> <span class='ocrx_word' id='word_1_196' title='bbox 575 3121 723 3190; x_wconf 82' lang='lat' dir='ltr'>Sophocles</span> <span class='ocrx_word' id='word_1_197' title='bbox 743 3120 772 3171; x_wconf 91' lang='lat' dir='ltr'>in</span> <span class='ocrx_word' id='word_1_198' title='bbox 785 3118 855 3172; x_wconf 92' lang='lat' dir='ltr'>Phil.</span> <span class='ocrx_word' id='word_1_199' title='bbox 869 3137 894 3171; x_wconf 90' lang='lat' dir='ltr'>v.</span> <span class='ocrx_word' id='word_1_200' title='bbox 908 3120 958 3168; x_wconf 77' lang='lat'>562</span> <span class='ocrx_word' id='word_1_201' title='bbox 976 3117 1044 3171; x_wconf 87' lang='lat' dir='ltr'>lacit</span> <span class='ocrx_word' id='word_1_202' title='bbox 1061 3118 1228 3171; x_wconf 88' lang='lat' dir='ltr'>mentionem</span> <span class='ocrx_word' id='word_1_203' title='bbox 1247 3101 1354 3179; x_wconf 57' lang='lat' dir='ltr'>asidaei-</span> 
     </span>
     <span class='ocr_line' id='line_1_26' title="bbox 247 3198 1354 3287; baseline -0.006 -22"><span class='ocrx_word' id='word_1_204' title='bbox 247 3233 303 3287; x_wconf 79' lang='grc' dir='ltr'>μσς</span> <span class='ocrx_word' id='word_1_205' title='bbox 321 3215 368 3265; x_wconf 82' lang='grc' dir='ltr'>καὶ</span> <span class='ocrx_word' id='word_1_206' title='bbox 384 3213 537 3281; x_wconf 77' lang='grc' dir='ltr'>Δημοφῶν,</span> <span class='ocrx_word' id='word_1_207' title='bbox 557 3198 595 3260; x_wconf 81' lang='grc' dir='ltr'>ὧν</span> <span class='ocrx_word' id='word_1_208' title='bbox 612 3204 645 3258; x_wconf 81' lang='grc' dir='ltr'>οὐ</span> <span class='ocrx_word' id='word_1_209' title='bbox 661 3201 926 3277; x_wconf 73' lang='grc' dir='ltr'><strong><em>μέμνηταιὍμηρος</em></strong></span> <span class='ocrx_word' id='word_1_210' title='bbox 943 3205 973 3256; x_wconf 72' lang='grc' dir='ltr'>ἐν</span> <span class='ocrx_word' id='word_1_211' title='bbox 990 3208 1027 3272; x_wconf 78' lang='grc' dir='ltr'>τῷ</span> <span class='ocrx_word' id='word_1_212' title='bbox 1044 3202 1202 3280; x_wconf 49' lang='grc' dir='ltr'><strong><em>καταλόγῳίί</em></strong></span> <span class='ocrx_word' id='word_1_213' title='bbox 1221 3205 1305 3259; x_wconf 86' lang='lat' dir='ltr'>schol.</span> <span class='ocrx_word' id='word_1_214' title='bbox 1319 3205 1354 3258; x_wconf 87' lang='lat' dir='ltr'>ad</span> 
     </span>
     <span class='ocr_line' id='line_1_27' title="bbox 248 3293 1177 3369; baseline -0.011 -13"><span class='ocrx_word' id='word_1_215' title='bbox 248 3305 276 3356; x_wconf 96' lang='lat' dir='ltr'>h.</span> <span class='ocrx_word' id='word_1_216' title='bbox 296 3301 325 3369; x_wconf 88' lang='lat' dir='ltr'>l.)</span> <span class='ocrx_word' id='word_1_217' title='bbox 344 3300 417 3368; x_wconf 85' lang='lat' dir='ltr'>apud</span> <span class='ocrx_word' id='word_1_218' title='bbox 436 3297 558 3365; x_wconf 87' lang='lat' dir='ltr'>Cyclicos</span> <span class='ocrx_word' id='word_1_219' title='bbox 579 3296 690 3349; x_wconf 87' lang='lat' dir='ltr'>demum</span> <span class='ocrx_word' id='word_1_220' title='bbox 709 3297 803 3363; x_wconf 86' lang='lat' dir='ltr'>poetas</span> <span class='ocrx_word' id='word_1_221' title='bbox 822 3293 937 3361; x_wconf 89' lang='lat' dir='ltr'>alicujus</span> <span class='ocrx_word' id='word_1_222' title='bbox 955 3293 1087 3346; x_wconf 88' lang='lat' dir='ltr'>momenti</span> <span class='ocrx_word' id='word_1_223' title='bbox 1105 3297 1177 3346; x_wconf 86' lang='lat' dir='ltr'>sunt.</span> 
     </span>
    </p>

    <p class='ocr_par' dir='ltr' id='par_1_6' title="bbox 321 3379 1354 3455">
     <span class='ocr_line' id='line_1_28' title="bbox 321 3379 1354 3455; baseline -0.01 -15"><span class='ocrx_word' id='word_1_224' title='bbox 321 3389 341 3455; x_wconf 76' lang='grc' dir='ltr'>Ι)</span> <span class='ocrx_word' id='word_1_225' title='bbox 379 3387 413 3440; x_wconf 87' lang='lat' dir='ltr'>ef.</span> <span class='ocrx_word' id='word_1_226' title='bbox 431 3385 496 3438; x_wconf 87' lang='lat' dir='ltr'>Her.</span> <span class='ocrx_word' id='word_1_227' title='bbox 515 3385 547 3449; x_wconf 86' lang='lat' dir='ltr'>V,</span> <span class='ocrx_word' id='word_1_228' title='bbox 566 3384 609 3435; x_wconf 87' lang='grc'>66.</span> <span class='ocrx_word' id='word_1_229' title='bbox 644 3383 723 3435; x_wconf 86' lang='lat' dir='ltr'>Paus.</span> <span class='ocrx_word' id='word_1_230' title='bbox 746 3383 766 3449; x_wconf 80' lang='lat' dir='ltr'>I,</span> <span class='ocrx_word' id='word_1_231' title='bbox 795 3384 819 3447; x_wconf 83' lang='lat'>5,</span> <span class='ocrx_word' id='word_1_232' title='bbox 845 3383 869 3434; x_wconf 79' lang='lat'>2.</span> <span class='ocrx_word' id='word_1_233' title='bbox 907 3380 1017 3448; x_wconf 84' lang='lat' dir='ltr'>Didym.</span> <span class='ocrx_word' id='word_1_234' title='bbox 1040 3397 1083 3447; x_wconf 89' lang='lat' dir='ltr'>ap.</span> <span class='ocrx_word' id='word_1_235' title='bbox 1107 3380 1196 3434; x_wconf 85' lang='lat' dir='ltr'>Schol.</span> <span class='ocrx_word' id='word_1_236' title='bbox 1216 3381 1252 3433; x_wconf 90' lang='lat' dir='ltr'>ad</span> <span class='ocrx_word' id='word_1_237' title='bbox 1276 3379 1354 3432; x_wconf 90' lang='lat' dir='ltr'>Pind.</span> 
     </span>
    </p>
   </div>
   <div class='ocr_carea' id='block_1_4' title="bbox 246 3474 1355 4414">
    <p class='ocr_par' dir='ltr' id='par_1_7' title="bbox 247 3474 577 3529">
     <span class='ocr_line' id='line_1_29' title="bbox 247 3474 577 3529; baseline -0.027 0"><span class='ocrx_word' id='word_1_238' title='bbox 247 3476 327 3529; x_wconf 86' lang='lat' dir='ltr'>Nem.</span> <span class='ocrx_word' id='word_1_239' title='bbox 346 3474 372 3526; x_wconf 93' lang='grc' dir='ltr'>ΙΙ</span> <span class='ocrx_word' id='word_1_240' title='bbox 401 3475 442 3524; x_wconf 87' lang='grc'>19.</span> <span class='ocrx_word' id='word_1_241' title='bbox 574 3525 577 3528; x_wconf 51' lang='grc'>,</span> 
     </span>
    </p>

    <p class='ocr_par' dir='ltr' id='par_1_8' title="bbox 247 3514 1353 3718">
     <span class='ocr_line' id='line_1_30' title="bbox 319 3514 1353 3626; baseline -0.008 -13"><span class='ocrx_word' id='word_1_242' title='bbox 319 3562 342 3623; x_wconf 71' lang='lat'>2)</span> <span class='ocrx_word' id='word_1_243' title='bbox 373 3514 457 3613; x_wconf 70' lang='lat' dir='ltr'>Pane.</span> <span class='ocrx_word' id='word_1_244' title='bbox 484 3558 505 3626; x_wconf 85' lang='lat' dir='ltr'>I,</span> <span class='ocrx_word' id='word_1_245' title='bbox 536 3559 578 3623; x_wconf 76' lang='lat'>35,</span> <span class='ocrx_word' id='word_1_246' title='bbox 602 3558 627 3608; x_wconf 86' lang='lat'>3.</span> <span class='ocrx_word' id='word_1_247' title='bbox 668 3555 753 3608; x_wconf 85' lang='lat' dir='ltr'>Plura</span> <span class='ocrx_word' id='word_1_248' title='bbox 778 3552 913 3623; x_wconf 85' lang='lat' dir='ltr'>ejusmodi</span> <span class='ocrx_word' id='word_1_249' title='bbox 940 3554 1052 3622; x_wconf 86' lang='lat' dir='ltr'>collegit</span> <span class='ocrx_word' id='word_1_250' title='bbox 1076 3553 1154 3606; x_wconf 88' lang='lat' dir='ltr'>Wolf</span> <span class='ocrx_word' id='word_1_251' title='bbox 1181 3555 1216 3607; x_wconf 88' lang='lat' dir='ltr'>ad</span> <span class='ocrx_word' id='word_1_252' title='bbox 1241 3555 1353 3621; x_wconf 87' lang='lat' dir='ltr'>Ajacem</span> 
     </span>
     <span class='ocr_line' id='line_1_31' title="bbox 247 3647 421 3718; baseline -0.017 -17"><span class='ocrx_word' id='word_1_253' title='bbox 247 3647 334 3718; x_wconf 84' lang='lat' dir='ltr'>praef.</span> <span class='ocrx_word' id='word_1_254' title='bbox 351 3665 377 3715; x_wconf 92' lang='lat' dir='ltr'>p.</span> <span class='ocrx_word' id='word_1_255' title='bbox 397 3651 421 3698; x_wconf 82' lang='grc' dir='ltr'>ὀ.</span> 
     </span>
    </p>

    <p class='ocr_par' dir='ltr' id='par_1_9' title="bbox 246 3727 1354 3877">
     <span class='ocr_line' id='line_1_32' title="bbox 319 3727 1354 3800; baseline -0.006 -14"><span class='ocrx_word' id='word_1_256' title='bbox 319 3735 343 3800; x_wconf 82' lang='grc'>3)</span> <span class='ocrx_word' id='word_1_257' title='bbox 377 3733 451 3786; x_wconf 88' lang='lat' dir='ltr'>Plut.</span> <span class='ocrx_word' id='word_1_258' title='bbox 479 3733 535 3785; x_wconf 85' lang='lat' dir='ltr'>Sol.</span> <span class='ocrx_word' id='word_1_259' title='bbox 562 3731 589 3784; x_wconf 89' lang='lat' dir='ltr'>C.</span> <span class='ocrx_word' id='word_1_260' title='bbox 611 3732 651 3783; x_wconf 84' lang='grc'>10.</span> <span class='ocrx_word' id='word_1_261' title='bbox 688 3731 767 3783; x_wconf 88' lang='lat' dir='ltr'>Paus.</span> <span class='ocrx_word' id='word_1_262' title='bbox 786 3730 807 3798; x_wconf 84' lang='lat'>1,</span> <span class='ocrx_word' id='word_1_263' title='bbox 825 3730 868 3797; x_wconf 78' lang='lat'>35,</span> <span class='ocrx_word' id='word_1_264' title='bbox 888 3731 911 3783; x_wconf 84' lang='lat'>2.</span> <span class='ocrx_word' id='word_1_265' title='bbox 947 3729 982 3784; x_wconf 88' lang='lat' dir='ltr'>cf.</span> <span class='ocrx_word' id='word_1_266' title='bbox 1000 3727 1150 3796; x_wconf 85' lang='lat' dir='ltr'>Pherecyd.</span> <span class='ocrx_word' id='word_1_267' title='bbox 1169 3747 1212 3798; x_wconf 86' lang='lat' dir='ltr'>ap.</span> <span class='ocrx_word' id='word_1_268' title='bbox 1230 3728 1354 3782; x_wconf 87' lang='lat' dir='ltr'>Marcell.</span> 
     </span>
     <span class='ocr_line' id='line_1_33' title="bbox 246 3820 454 3877; baseline -0.029 0"><span class='ocrx_word' id='word_1_269' title='bbox 246 3841 273 3877; x_wconf 90' lang='lat' dir='ltr'>v.</span> <span class='ocrx_word' id='word_1_270' title='bbox 291 3822 377 3875; x_wconf 89' lang='lat' dir='ltr'>Thuc.</span> <span class='ocrx_word' id='word_1_271' title='bbox 393 3820 454 3872; x_wconf 91' lang='lat' dir='ltr'>init.</span> 
     </span>
    </p>

    <p class='ocr_par' dir='ltr' id='par_1_10' title="bbox 248 3901 1355 4414">
     <span class='ocr_line' id='line_1_34' title="bbox 318 3901 1353 3977; baseline -0.006 -16"><span class='ocrx_word' id='word_1_272' title='bbox 318 3907 343 3977; x_wconf 82' lang='lat'>4)</span> <span class='ocrx_word' id='word_1_273' title='bbox 378 3906 481 3961; x_wconf 85' lang='lat' dir='ltr'>Herod.</span> <span class='ocrx_word' id='word_1_274' title='bbox 500 3906 546 3974; x_wconf 87' lang='lat' dir='ltr'>VI,</span> <span class='ocrx_word' id='word_1_275' title='bbox 566 3905 608 3957; x_wconf 83' lang='lat'>35.</span> <span class='ocrx_word' id='word_1_276' title='bbox 644 3903 824 3957; x_wconf 76' lang='lat' dir='ltr'>Flet-SolC.</span> <span class='ocrx_word' id='word_1_277' title='bbox 839 3905 880 3955; x_wconf 90' lang='grc'>10.</span> <span class='ocrx_word' id='word_1_278' title='bbox 910 3903 1033 3956; x_wconf 86' lang='lat' dir='ltr'>Marcell.</span> <span class='ocrx_word' id='word_1_279' title='bbox 1046 3919 1071 3956; x_wconf 89' lang='lat' dir='ltr'>v.</span> <span class='ocrx_word' id='word_1_280' title='bbox 1084 3902 1169 3955; x_wconf 90' lang='lat' dir='ltr'>Thuc.</span> <span class='ocrx_word' id='word_1_281' title='bbox 1181 3903 1200 3954; x_wconf 85' lang='lat' dir='ltr'>l.</span> <span class='ocrx_word' id='word_1_282' title='bbox 1213 3903 1232 3955; x_wconf 93' lang='lat' dir='ltr'>l.</span> <span class='ocrx_word' id='word_1_283' title='bbox 1263 3901 1353 3956; x_wconf 82' lang='lat' dir='ltr'>Schol.</span> 
     </span>
     <span class='ocr_line' id='line_1_35' title="bbox 248 3988 1353 4068; baseline -0.007 -19"><span class='ocrx_word' id='word_1_284' title='bbox 248 3996 327 4049; x_wconf 90' lang='lat' dir='ltr'>Pind.</span> <span class='ocrx_word' id='word_1_285' title='bbox 338 3995 417 4048; x_wconf 90' lang='lat' dir='ltr'>Nem.</span> <span class='ocrx_word' id='word_1_286' title='bbox 431 3995 449 4046; x_wconf 92' lang='lat' dir='ltr'>l.</span> <span class='ocrx_word' id='word_1_287' title='bbox 462 3994 480 4045; x_wconf 93' lang='lat' dir='ltr'>l.</span> <span class='ocrx_word' id='word_1_288' title='bbox 512 3992 684 4068; x_wconf 69' lang='lat' dir='ltr'>Genti-ariam</span> <span class='ocrx_word' id='word_1_289' title='bbox 702 3992 730 4043; x_wconf 86' lang='lat' dir='ltr'>in</span> <span class='ocrx_word' id='word_1_290' title='bbox 751 3995 860 4058; x_wconf 88' lang='lat' dir='ltr'>partem</span> <span class='ocrx_word' id='word_1_291' title='bbox 876 3989 934 4058; x_wconf 80' lang='lat' dir='ltr'>jam</span> <span class='ocrx_word' id='word_1_292' title='bbox 946 3989 1018 4058; x_wconf 86' lang='lat' dir='ltr'>Ajax</span> <span class='ocrx_word' id='word_1_293' title='bbox 1037 4007 1071 4042; x_wconf 86' lang='lat' dir='ltr'>ex</span> <span class='ocrx_word' id='word_1_294' title='bbox 1082 3992 1171 4042; x_wconf 84' lang='lat' dir='ltr'>matre</span> <span class='ocrx_word' id='word_1_295' title='bbox 1183 3988 1353 4056; x_wconf 86' lang='lat' dir='ltr'>Atheniensi,</span> 
     </span>
     <span class='ocr_line' id='line_1_36' title="bbox 248 4075 1354 4149; baseline -0.007 -13"><span class='ocrx_word' id='word_1_296' title='bbox 248 4101 282 4136; x_wconf 84' lang='lat' dir='ltr'>ex</span> <span class='ocrx_word' id='word_1_297' title='bbox 300 4082 420 4136; x_wconf 83' lang='lat' dir='ltr'>Eriboea</span> <span class='ocrx_word' id='word_1_298' title='bbox 437 4081 531 4148; x_wconf 89' lang='lat' dir='ltr'>(qnam</span> <span class='ocrx_word' id='word_1_299' title='bbox 549 4080 621 4149; x_wconf 80' lang='lat' dir='ltr'>Ajax</span> <span class='ocrx_word' id='word_1_300' title='bbox 640 4080 714 4148; x_wconf 85' lang='lat' dir='ltr'>apud</span> <span class='ocrx_word' id='word_1_301' title='bbox 732 4077 859 4146; x_wconf 87' lang='lat' dir='ltr'>Sophocl.</span> <span class='ocrx_word' id='word_1_302' title='bbox 880 4077 924 4146; x_wconf 85' lang='lat' dir='ltr'>Aj.</span> <span class='ocrx_word' id='word_1_303' title='bbox 943 4095 968 4131; x_wconf 89' lang='lat' dir='ltr'>v.</span> <span class='ocrx_word' id='word_1_304' title='bbox 982 4079 1034 4128; x_wconf 79' lang='grc'>560</span> <span class='ocrx_word' id='word_1_305' title='bbox 1052 4075 1207 4146; x_wconf 82' lang='lat' dir='ltr'>memorat),</span> <span class='ocrx_word' id='word_1_306' title='bbox 1226 4076 1354 4130; x_wconf 89' lang='lat' dir='ltr'>Alcathoi</span> 
     </span>
     <span class='ocr_line' id='line_1_37' title="bbox 248 4159 1354 4234; baseline -0.01 -11"><span class='ocrx_word' id='word_1_307' title='bbox 248 4170 306 4224; x_wconf 87' lang='lat' dir='ltr'>filia</span> <span class='ocrx_word' id='word_1_308' title='bbox 323 4173 404 4222; x_wconf 86' lang='lat' dir='ltr'>natus</span> <span class='ocrx_word' id='word_1_309' title='bbox 425 4168 579 4221; x_wconf 80' lang='lat' dir='ltr'>dicebatur.</span> <span class='ocrx_word' id='word_1_310' title='bbox 616 4166 650 4221; x_wconf 81' lang='lat' dir='ltr'>cf·</span> <span class='ocrx_word' id='word_1_311' title='bbox 664 4167 790 4233; x_wconf 87' lang='lat' dir='ltr'>Xenoph.</span> <span class='ocrx_word' id='word_1_312' title='bbox 809 4167 909 4234; x_wconf 86' lang='lat' dir='ltr'>Cyneg.</span> <span class='ocrx_word' id='word_1_313' title='bbox 929 4165 949 4232; x_wconf 85' lang='lat'>1,</span> <span class='ocrx_word' id='word_1_314' title='bbox 969 4167 1003 4216; x_wconf 89' lang='lat'>9:</span> <span class='ocrx_word' id='word_1_315' title='bbox 1027 4159 1157 4234; x_wconf 78' lang='grc' dir='ltr'><strong><em>Τελαμὼν</em></strong></span> <span class='ocrx_word' id='word_1_316' title='bbox 1175 4162 1206 4216; x_wconf 76' lang='grc' dir='ltr'>δὲ</span> <span class='ocrx_word' id='word_1_317' title='bbox 1224 4166 1354 4220; x_wconf 81' lang='grc' dir='ltr'><strong><em>τοσοῦτος</em></strong></span> 
     </span>
     <span class='ocr_line' id='line_1_38' title="bbox 249 4246 1355 4326; baseline -0.01 -16"><span class='ocrx_word' id='word_1_318' title='bbox 249 4259 371 4326; x_wconf 71' lang='grc' dir='ltr'>ἐγένετο,</span> <span class='ocrx_word' id='word_1_319' title='bbox 395 4251 464 4307; x_wconf 83' lang='grc' dir='ltr'><strong><em>ὥστε</em></strong></span> <span class='ocrx_word' id='word_1_320' title='bbox 483 4256 514 4308; x_wconf 71' lang='grc' dir='ltr'>ἐκ</span> <span class='ocrx_word' id='word_1_321' title='bbox 530 4255 583 4325; x_wconf 79' lang='grc' dir='ltr'>μὲν</span> <span class='ocrx_word' id='word_1_322' title='bbox 601 4250 705 4311; x_wconf 77' lang='grc' dir='ltr'><em>πόλεως</em></span> <span class='ocrx_word' id='word_1_323' title='bbox 722 4256 770 4318; x_wconf 81' lang='grc' dir='ltr'>τῆς</span> <span class='ocrx_word' id='word_1_324' title='bbox 787 4255 933 4323; x_wconf 78' lang='grc' dir='ltr'><strong><em>μεγίστης,</em></strong></span> <span class='ocrx_word' id='word_1_325' title='bbox 957 4246 992 4316; x_wconf 74' lang='grc' dir='ltr'>ἣν</span> <span class='ocrx_word' id='word_1_326' title='bbox 1009 4248 1090 4309; x_wconf 79' lang='grc' dir='ltr'><strong><em>αὐτὸς</em></strong></span> <span class='ocrx_word' id='word_1_327' title='bbox 1109 4246 1246 4319; x_wconf 67' lang='grc' dir='ltr'><strong><em>ἐβούλετο,</em></strong></span> <span class='ocrx_word' id='word_1_328' title='bbox 1264 4253 1355 4320; x_wconf 75' lang='grc' dir='ltr'><strong><em>γῆμαι</em></strong></span> 
     </span>
     <span class='ocr_line' id='line_1_39' title="bbox 250 4338 942 4414; baseline -0.006 -18"><span class='ocrx_word' id='word_1_329' title='bbox 250 4347 400 4414; x_wconf 75' lang='grc' dir='ltr'><strong><em>Περίβοιαν</em></strong></span> <span class='ocrx_word' id='word_1_330' title='bbox 418 4339 469 4406; x_wconf 76' lang='grc' dir='ltr'>τὴν</span> <span class='ocrx_word' id='word_1_331' title='bbox 482 4339 623 4395; x_wconf 72' lang='grc' dir='ltr'>Ἀλκάθου.</span> <span class='ocrx_word' id='word_1_332' title='bbox 664 4341 745 4395; x_wconf 89' lang='lat' dir='ltr'>Diod.</span> <span class='ocrx_word' id='word_1_333' title='bbox 763 4340 815 4394; x_wconf 87' lang='lat' dir='ltr'>Sic.</span> <span class='ocrx_word' id='word_1_334' title='bbox 835 4340 881 4406; x_wconf 86' lang='lat' dir='ltr'>IV,</span> <span class='ocrx_word' id='word_1_335' title='bbox 901 4338 942 4392; x_wconf 82' lang='lat'>72.</span> 
     </span>
    </p>
   </div>
   <div class='ocr_carea' id='block_1_5' title="bbox 0 0 1672 5217">
    <p class='ocr_par' dir='ltr' id='par_1_11' title="bbox 0 0 1672 5217">
     <span class='ocr_line' id='line_1_40' title="bbox 0 0 1672 5217; baseline 0 0"><span class='ocrx_word' id='word_1_336' title='bbox 0 0 1672 5217; x_wconf 95' lang='lat' dir='ltr'> </span> 
     </span>
    </p>
   </div>
  </div>
 </body>
</html>
