3334 5217
766 545 808 608 33

231 740 312 799 nota
333 739 382 798 est
403 753 511 798 eorum
532 732 625 810 ratio,
647 732 702 814 qui
723 734 923 816 tyrannidem
947 754 1133 817 comparare
1155 734 1214 801 sibi
1236 736 1343 801 stude-

231 836 329 901 bant:
351 833 511 899 beneficiis
532 841 563 899 et
584 833 866 917 pollicitationibus
889 835 971 898 inter
993 835 1117 918 plebem
1132 843 1341 902 assectatores

233 937 438 1019 quaerebant,
461 956 596 1017 quorum
618 936 737 1000 auxilio
760 937 820 1002 nisi
842 937 891 1014 id,
914 938 1000 1019 quod
1021 938 1082 1002 sibi
1103 945 1342 1021 proposuerant,

232 1040 404 1123 adepturos
427 1059 460 1102 se
483 1059 551 1102 esse
572 1038 745 1120 sperabant
764 1043 798 1118 ¹).

317 1141 424 1218 Quid?
468 1141 534 1204 Has
556 1141 799 1222 demagogorum
821 1145 906 1203 artes
930 1145 961 1204 et
982 1139 1147 1205 machinas
1169 1158 1274 1205 nonne
1296 1142 1342 1206 di-

230 1243 346 1308 lucidis
382 1244 486 1308 verbis
525 1251 619 1327 poeta
658 1240 870 1325 significavit,
917 1262 1014 1324 quum
1045 1241 1199 1324 Oedipum
1237 1263 1342 1326 regem

230 1344 369 1424 Creonti,
392 1367 485 1426 quem
507 1345 673 1427 imperium
696 1344 756 1408 sibi
779 1344 899 1431 eripere
921 1343 1001 1408 velle
1024 1345 1212 1427 suspicatur,
1241 1345 1340 1410 faciat

230 1447 452 1532 objicientem:

362 1539 412 1636 ἆρ’
434 1542 506 1630 οὐχὶ
527 1541 637 1632 μωρόν
660 1541 731 1611 ἔστι
752 1540 990 1632 τοδττιχείρημά
1012 1568 1071 1612 σου

361 1644 437 1717 daeo
458 1675 495 1716 τε
516 1646 672 1737 πλήθους
692 1645 749 1713 καί
770 1645 877 1736 φίλων
896 1645 1069 1734 τυραννίδα

360 1757 477 1840 θηρᾶν,
501 1742 521 1817 ὃ
544 1747 671 1838 πλήθει
692 1747 853 1838 χρήμασιν
874 1743 911 1815 3³
932 1746 1118 1832 ἆλίσκεται,·
1183 1769 1188 1779 “

881 1853 971 1938 (Oed.
995 1853 1066 1937 Tyr.
1088 1856 1152 1950 540
1167 1863 1251 1946 sqq.)
1284 1863 1297 1946 )

229 1987 353 2041 nondum
372 1986 484 2056 cognita
502 1984 537 2036 ab
555 1982 721 2036 Archilocho
740 1983 830 2050 primo
850 1988 983 2052 usurpata
1007 1987 1143 2054 traditur,
1177 1989 1211 2044 de
1234 2003 1266 2044 αα
1292 1993 1340 2044 im·

227 2075 326 2142 primis
354 2073 515 2128 conferendi
539 2074 615 2123 sunt:
648 2070 720 2122 Plut.
743 2071 769 2124 d.
794 2071 1038 2139 animitranquill.
1057 2073 1150 2128 (1.1οε
1190 2078 1278 2132 Schol.
1300 2080 1335 2133 sd

230 2162 330 2229 Aesch.
347 2159 486 2216 Prometh.
510 2177 535 2212 v.
549 2160 609 2210 224.
651 2158 813 2227 Argument.
834 2159 870 2210 ad
892 2157 988 2227 Oedip.
1007 2159 1070 2226 Tyr.
1089 2161 1189 2230 Ebert,
1213 2165 1342 2220 disserta-

229 2250 321 2302 tiones
340 2249 448 2303 Siculae
471 2264 499 2315 p.
515 2249 524 2296 1
540 2280 553 2286 -
565 2247 608 2298 64.
643 2245 732 2312 Plass,
757 2246 801 2298 die
819 2246 955 2313 Tyrannis
981 2248 1009 2299 in
1033 2246 1112 2300 ihren
1132 2251 1231 2304 beiden
1250 2253 1341 2308 Perio-

229 2338 285 2389 den
304 2338 420 2390 beiden
439 2336 514 2388 alten
533 2332 669 2386 Griechen
688 2333 708 2399 l,
729 2350 756 2400 p.
773 2334 822 2384 123
833 2334 921 2386 -134,
959 2335 1041 2403 Apud
1060 2321 1181 2404 tragicos
1198 2345 1294 2407 poetas
1307 2357 1339 2394 aa

227 2425 388 2492 saepissime
405 2423 552 2474 adhibetur
572 2420 607 2473 ad
626 2437 705 2488 reges
723 2420 852 2473 heroicae
871 2422 979 2488 aetatis,
999 2439 1054 2474 non
1073 2424 1155 2476 aliter
1173 2442 1205 2478 ac
1223 2428 1349 2482 vocabu.

228 2512 288 2564 lum
310 2511 435 2579 τυραννὶς
458 2510 493 2562 ad
522 2526 616 2560 corum
647 2507 793 2574 imperium
823 2507 1038 2577 designandum,
1072 2528 1238 2579 quamquam
1266 2514 1340 2569 haud

228 2616 319 2668 pauca
337 2598 462 2665 exempla
484 2596 637 2661 exsistunt,
657 2594 756 2661 quibus
775 2595 852 2647 notio
871 2594 920 2646 illa
938 2596 1044 2664 odiosa,
1065 2601 1215 2665 posteriore
1233 2603 1342 2670 potissi·

228 2702 307 2738 mum
330 2689 454 2753 tempore
480 2700 542 2736 cum
568 2681 611 2734 his
631 2682 864 2749 appellationibus
884 2681 1044 2750 conjuncta,
1072 2703 1202 2754 expressa
1221 2693 1270 2742 est.
1306 2691 1343 2745 Ut

234 2773 367 2826 hocloco
391 2772 426 2824 ad
444 2770 605 2839 Sophoclem
630 2769 718 2821 solum
741 2769 936 2838 respiciamus,
968 2788 1001 2822 ex
1028 2772 1086 2839 ejus
1111 2791 1217 2843 quoque
1241 2775 1342 2830 fabulis

229 2862 354 2913 diversas
379 2859 441 2911 illas
470 2856 680 2926 significationis
707 2858 839 2925 colligere
864 2874 1018 2925 possumus.
1066 2861 1163 2929 ltaque
1189 2870 1339 2932 usurpatur

228 2943 394 3016 τύραννος
424 2945 455 2996 de
473 2943 713 3012 Ιιινοιόσιαυέαίίσ
737 2944 864 3012 rrqibus:
900 2945 944 3012 Aj.
970 2948 1045 2999 1350.
1082 2950 1177 3018 Antig.
1203 2953 1245 3003 60.
1275 2954 1341 3002 1169

232 3037 326 3102 (sensu
344 3033 502 3101 adjectivo).
538 3031 721 3084 Ε1551τ.661.
742 3033 802 3085 664.
839 3031 1060 3086 Oed.Col.851.
1083 3036 1158 3087 1338.
1194 3035 1260 3090 Oed.
1279 3038 1341 3105 Tyr.

229 3124 292 3174 514.
312 3121 373 3174 799.
390 3122 451 3172 925.
469 3121 529 3170 939.
553 3119 627 3170 1043.
650 3120 724 3168 1095.
761 3118 859 3172 Trach.
880 3120 948 3186 3163
989 3121 1019 3170 dc
1044 3120 1211 3174 dominatore
1235 3123 1263 3176 τό
1282 3124 1340 3176 1ιαὶ-

228 3225 355 3262 aarum:
385 3203 618 3274 Aj.L001-.frgm.
642 3205 681 3257 13.
718 3205 816 3258 Trach.
839 3206 898 3258 217.
945 3208 1340 3279 τυραννίςδινιρίαροέο-

228 3298 312 3346 stom:
332 3293 398 3347 Oed.
413 3294 468 3347 Col.
487 3296 549 3345 419.
570 3291 636 3344 Oed.
655 3291 718 3359 Tyr.
741 3295 798 3346 128.
817 3294 878 3344 380.
899 3295 959 3346 535.
980 3297 1041 3349 540.
1073 3296 1164 3350 Colch.
1185 3297 1266 3366 frgm.
1282 3301 1343 3351 319.

228 3382 325 3450 Polyx.
343 3380 424 3450 frgm.
438 3383 497 3433 479.
544 3376 740 3449 τυραννεὺω
757 3398 845 3448 rapam
864 3397 934 3432 esse:
954 3380 1020 3436 Oed.
1034 3383 1089 3436 Col.
1109 3387 1170 3438 449.
1221 3402 1342 3454 τυραν-

229 3472 294 3522 nra
312 3469 401 3521 eodem
419 3485 513 3520 samu:
540 3467 606 3521 Oed.
625 3468 688 3534 Tyr.
708 3469 768 3520 408.
805 3462 974 3537 τύραννος
998 3471 1029 3521 do
1054 3471 1219 3524 δοιοίοαίονν
1243 3472 1343 3539 s‘m'rrsto

227 3558 274 3610 vel
290 3556 409 3609 crudeli:
429 3558 493 3609 Ant.
510 3557 585 3607 1056.
604 3555 671 3608 Oed.
684 3555 747 3622 Tyr.
768 3558 817 3607 587
832 3573 890 3623 sqq.
912 3558 971 3610 013.
1006 3558 1094 3611 Laris.
1112 3558 1165 3627 frg.
1184 3562 1245 3612 351.
1283 3575 1336 3610 τυ-

230 3647 352 3715 ραννίς
374 3644 405 3696 da
428 3641 624 3695 dominatione:
656 3643 720 3694 Ant.
740 3645 791 3694 506
806 3661 864 3710 sqq.
901 3643 967 3697 Oed.
987 3645 1050 3713 Tyr.
1070 3649 1120 3698 592
1140 3665 1198 3717 sqq.
1241 3647 1336 3700 Alcad.

229 3733 285 3802 frg.
304 3733 346 3785 86.
1086 3737 1091 3748 ¹

304 3818 324 3887 ¹)
360 3818 396 3872 cf.
419 3818 503 3870 Arist.
522 3818 578 3886 pol.
596 3818 628 3883 V,
648 3817 672 3885 8,
687 3818 712 3879 3;
735 3818 760 3884 4,
774 3818 805 3869 4:
836 3811 939 3885 σχεδὸν
962 3814 1016 3889 γὰρ
1034 3821 1061 3870 οἱ
1080 3821 1204 3873 πλεῖστοι
1220 3825 1275 3872 τῶν
1293 3819 1343 3892 ἄρ-

227 3909 320 3976 χαίων
338 3901 477 3975 τυράννων
495 3903 526 3956 ἐκ
544 3902 721 3975 δημαγωγῶν
745 3899 901 3972 γεγόνασιν.
942 3905 973 3972 V,
994 3910 1018 3974 4,
1038 3910 1067 3960 5:
1093 3903 1242 3965 arderardi
1260 3912 1341 3961 τοῦτο

230 3992 320 4065 ἔδρων
337 3994 404 4061 (scil.
424 3990 565 4063 τυραννίδι
579 3990 749 4059 ἐπετίθεντο)
770 3984 824 4041 ὑπὸ
838 3995 887 4042 τοῦ
899 3988 991 4062 δήμου
1003 3998 1202 4054 πιστευθέντες.
1227 3996 1341 4050 Wachs·

228 4082 319 4147 math,
337 4080 439 4134 hellen.
459 4079 726 4133 Alterthumskunde
744 4079 765 4144 I,
788 4094 816 4144 p.
828 4081 889 4133 500.

301 4169 324 4237 ²)
360 4167 395 4224 cf.
415 4167 511 4219 Alead.
530 4166 584 4236 frg.
603 4168 651 4218 86:

441 4248 475 4305 τὰ
490 4249 611 4324 χρήματ’
631 4249 823 4324 ἀνθρώποισιν
841 4250 958 4326 εὑρίσκει
976 4257 1073 4324 φίλους

441 4333 522 4398 αὗθις
541 4339 572 4394 δὲ
590 4337 678 4411 τιμάς,
697 4339 756 4392 εἶτα
773 4343 821 4405 τῆς
839 4336 989 4412 ὑπερττέτης

443 4426 604 4501 τυραννίδος
622 4431 760 4481 θανοῦσιν
779 4429 927 4497 αἰσχίστην
945 4426 1036 4501 ἕδραν.
