3334 5217
288 705 424 774 lotiones
445 726 509 771 nno
531 705 596 772 fero
619 726 713 772 sensu
735 707 979 789 comprehensas
1001 704 1098 771 fuisse
1116 709 1153 789 ¹).
1197 704 1317 772 Eadem
1333 726 1390 770 eu-

289 814 354 875 tem
381 809 539 875 sententis
568 806 730 874 nonnullis
760 808 856 874 etiem
877 807 1042 892 Sophoclis
1072 807 1150 872 locis
1171 829 1236 873 non
1258 807 1391 872 obscure

290 931 439 994 expresse
459 916 517 976 est.
560 911 664 992 Atque
685 909 748 974 huo
768 911 924 993 imprimis
944 911 1101 978 referendi
1122 910 1268 976 videntur
1280 909 1329 992 Aj.
1341 931 1390 972 vv.

293 1013 375 1076 1259
397 1032 476 1094 sqq„
497 1010 552 1077 ubi
573 1012 791 1094 Agamemnon
812 1013 846 1078 in
868 1012 1022 1080 Teucrum
1043 1013 1217 1082 invehitur:

719 1107 759 1178 ori
779 1111 900 1197 μαθὼν
922 1103 959 1192 ὃς
980 1107 1009 1180 εἶ
1032 1111 1131 1204 φύσιν

418 1208 517 1280 ditos
538 1208 598 1282 τιν’
620 1208 707 1297 ἄξεις
728 1209 829 1303 ὅνδρα
852 1209 934 1302 δεῦρ’
957 1212 1139 1306 ἐλεύθερον,

418 1312 512 1395 ὅστις
532 1314 618 1405 πρὸς
639 1313 723 1406 ἡμᾶς
745 1313 818 1384 ἀντὶ
840 1306 903 1384 σοῦ’
922 1317 1008 1400 λέξει
1028 1315 1070 1382 τὰ
1093 1313 1152 1399 σάς

418 1424 479 1485 σοῦ
499 1417 559 1506 γὰρ
580 1418 730 1505 λέγοντος
752 1415 856 1487 οόκὲτ’
878 1413 918 1486 dv
937 1413 1080 1504 μάθοιμ’
1101 1415 1174 1504 ἐγώ.

418 1519 476 1610 τὴν
496 1519 661 1611 βάρβαρον
682 1521 742 1610 γὰρ
762 1524 914 1608 γλῶσσαν
935 1516 995 1587 oric
1018 1521 1134 1589 ἐπαΐω.

291 1624 331 1689 cf.
353 1646 381 1689 v.
406 1624 489 1690 1288
511 1645 581 1708 sqq.
602 1627 658 1692 nbi
678 1626 798 1695 Teucer
815 1627 954 1695 laudatio
968 1627 1076 1710 Ajecis
1099 1632 1131 1692 et
1152 1628 1217 1692 suis
1239 1625 1278 1692 de
1293 1624 1392 1692 Grae-

290 1747 400 1798 corum
428 1728 569 1798 exercitu
597 1729 717 1796 meritis
744 1729 788 1794 ed
815 1727 896 1796 illud
915 1729 1162 1812 Agamemnonis
1187 1729 1391 1814 opprobrium

290 1828 459 1918 respiciens
479 1829 599 1899 monice
618 1830 725 1898 addit:

418 1924 468 1996 ὅδ’
488 1921 527 2020 ἦν
549 1925 567 1995 ὁ
590 1929 749 2019 πράσσων
768 1936 882 2012 ταῦτα,
905 1927 963 1998 σὺν
985 1927 1015 1996 δ’
1037 1927 1100 2018 ἐγώ
1122 1929 1245 2021 παρών,

419 2025 437 2095 ὁ
461 2031 586 2115 δοῦλος,
610 2029 670 2100 οὔκ
690 2039 750 2125 τῆς
769 2029 936 2120 βαρβάρου
956 2031 1078 2124 μητρὸς
1099 2031 1208 2121 γεγώς.

377 2157 497 2233 lerus
517 2181 556 2225 ex
577 2162 682 2226 verbis
704 2167 736 2226 et
757 2163 834 2249 ipsis
855 2162 1054 2245 perspicitur,
1076 2164 1160 2228 inter
1172 2163 1344 2228 barbarum
1360 2167 1391 2226 et

291 2277 415 2324 cervum
442 2261 567 2327 nullum
591 2262 657 2328 fere
686 2263 856 2328 discrimen
883 2285 951 2328 esse
979 2263 1108 2329 fectum.
1152 2263 1295 2345 Denique
1317 2283 1392 2328 vero

291 2361 388 2425 etiem
407 2382 447 2426 ee
467 2365 669 2448 contemptio,
691 2386 774 2446 quae
796 2366 924 2430 omnino
946 2387 1018 2430 cum
1040 2363 1249 2430 barbarorum
1259 2367 1389 2430 notione

291 2462 352 2527 init
373 2464 554 2547 conjuncte,
575 2464 662 2531 hond
682 2469 792 2550 psuois
815 2467 957 2552 ejusdem
978 2473 1091 2550 poetae
1112 2468 1190 2533 loeis
1211 2467 1303 2532 nobis
1325 2489 1392 2532 sese

291 2561 391 2630 offert.
435 2565 487 2630 lto
506 2566 626 2633 'l'eucer
647 2569 704 2633 illo
724 2570 889 2650 convicia,
926 2569 1041 2652 quibus
1063 2569 1330 2653 Agamemnonem
1358 2569 1392 2633 in

290 2687 363 2730 eum
389 2667 550 2732 invectum
578 2690 647 2735 esse
676 2692 773 2754 supra
802 2673 962 2750 vidimus,
998 2694 1027 2736 v.
1052 2673 1132 2736 1291
1163 2672 1214 2758 his
1234 2671 1337 2737 verbis
1358 2672 1392 2734 in

291 2767 425 2838 eitndem
446 2769 565 2853 rejicit:
706 2757 708 2761 ’

420 2863 480 2935 οὐκ
499 2863 614 2953 οἶσθα,
640 2878 701 2938 σοῦ
722 2871 849 2961 πατρὸς
870 2865 932 2957 μὲν
953 2863 991 2953 ὃς
1012 2865 1145 2962 monimo
1166 2871 1275 2962 πατὴρ

417 2966 551 3060 ἀρχαῖον
573 2967 653 3040 ὅντα
674 2974 818 3042 Hilmro
839 2974 1004 3064 βάρβαρον
1027 2972 1158 3063 Φρύγας

291 3106 324 3167 et
343 3101 453 3184 paullo
473 3103 558 3169 infre
578 3127 606 3169 v.
623 3105 719 3173 1295:

420 3195 518 3282 αὖτὸς
540 3204 577 3269 δὲ
597 3205 719 3292 μητρὸς
741 3203 856 3294 ἐξέφυς
878 3203 1033 3295 Κρήσσης
1049 3209 1078 3294 ²)
1100 3247 1142 3257 -

292 3327 406 3408 quibus
426 3327 505 3398 locis
527 3329 664 3396 addendi
685 3336 775 3400 sunt:

421 3428 533 3495 Trach.
543 3453 572 3497 v.
585 3431 663 3497 252:
685 3435 790 3510 κεῖνος
805 3430 842 3498 δὲ
857 3430 1002 3520 πραθεὶς
1015 3428 1162 3523 Ὀμφάλῃ
1176 3438 1217 3526 τῇ
1230 3429 1392 3522 βαρβάρῳ.

366 3686 387 3753 ¹)
423 3683 458 3740 ef·
476 3684 592 3743 Aristot.
610 3685 666 3752 pol.
685 3685 706 3751 l,
726 3686 740 3738 l
771 3686 799 3740 12
822 3701 876 3739 seo.
894 3684 1006 3752 Bekkl:
1037 3682 1082 3738 dut
1106 3698 1195 3756 φασιν
1219 3687 1246 3742 οἱ
1270 3688 1392 3750 ποιηταί·

293 3768 437 3844 βαρβάρων
455 3768 481 3822 δ’
495 3766 624 3835 Ἕλληνας
643 3767 738 3842 ἄρχειν
753 3767 832 3840 εἰκός,
852 3767 887 3830 ὥς
903 3769 986 3824 ταύτὸ
1007 3767 1089 3841 φύσει
1105 3769 1243 3843 βάρβαρον
1261 3775 1307 3825 καὶ
1326 3771 1392 3824 δοῦ-

292 3862 341 3915 λον
356 3853 400 3914 ὅν.
435 3858 618 3928 degeneret,
636 3857 813 3913 neohhomer.
831 3859 961 3929 Theolog.
980 3878 1007 3928 p.
1028 3861 1080 3912 306
1098 3876 1157 3928 sqq.

363 3956 385 4021 ²)
420 3955 513 4008 Etiam
536 3954 701 4010 vocabulum
724 3949 840 4025 Κρήσση
865 3955 1001 4011 hocloco
1027 3971 1082 4008 non
1104 3955 1164 4007 sine
1190 3957 1394 4025 contemptione

293 4041 413 4111 quadem
430 4043 536 4096 dictum
554 4046 615 4112 est,
645 4059 730 4111 quum
750 4042 809 4110 jem
826 4043 875 4096 illo
892 4043 1035 4112 Sophoclis
1054 4045 1178 4110 tempore
1196 4041 1338 4096 Cretenses
1357 4041 1393 4096 ob

293 4144 383 4190 mores
401 4145 464 4187 onos
482 4127 598 4187 mimos
614 4145 676 4186 esse
693 4129 855 4198 inciperent
893 4129 928 4186 ef.
947 4130 1067 4198 interpp.
1086 4129 1123 4182 ad
1142 4128 1169 4183 h.
1188 4129 1227 4198 l.,
1259 4128 1305 4197 qui
1329 4127 1394 4182 affe·

293 4219 372 4270 runt:
401 4216 510 4270 Platon.
536 4215 567 4268 lv
592 4214 699 4287 ἑορταῖς
724 4233 768 4286 ep.
786 4217 877 4274 Schol.
894 4218 980 4272 Arist.
999 4218 1050 4274 Δγ.
1068 4235 1093 4273 v.
1114 4217 1174 4272 799.
1218 4215 1333 4272 Dorvill.
1356 4217 1394 4272 cd

293 4303 431 4358 Chariton.
449 4322 477 4373 p.
494 4304 547 4356 332
564 4306 594 4358 et
612 4307 757 4376 praeterea
772 4304 887 4374 nocet,
919 4305 999 4360 Crete
1016 4323 1043 4376 p.
1064 4307 1115 4358 455
1134 4320 1193 4376 sqq.
1229 4303 1394 4373 schomrim,

293 4390 401 4445 Griech.
420 4389 541 4445 Alterth.
557 4389 580 4461 1,
598 4407 626 4459 p.
645 4391 706 4445 321.
