3334 5217
835 537 879 602 54

435 718 523 812 siigd'
543 713 581 812 ἧς
602 721 660 809 dyox
686 720 786 812 κράτη
808 749 845 791 τε
865 722 920 791 καὶ
942 728 1083 813 θρόνους
1103 723 1199 809 νέμω,

435 820 509 915 μήτ’
529 821 739 908 εἰσδέχεσθαι
759 823 841 916 μήτε
863 831 1068 916 προςφωνεῖιι
1089 826 1171 909 τινά,

434 922 508 1016 μήτ’
530 927 564 995 ἒν
585 934 675 995 θεῶν
697 923 823 1012 εὐχαῖσι
844 926 926 1018 μήτε
947 926 1095 1013 θύμασιν

434 1027 543 1096 κοινὸν
564 1034 751 1113 ποιεῖσθαι,
773 1028 856 1120 μήτε
875 1031 1024 1120 χέρνιβας
1045 1032 1160 1116 νέμειν.

307 1132 347 1197 ef.
368 1155 396 1196 v.
419 1133 483 1199 352
505 1155 573 1218 sqq.
595 1134 658 1198 817
681 1156 768 1218 sqq,
799 1136 855 1206 ubi
876 1138 986 1203 eadem
1007 1123 1073 1204 fere
1094 1137 1191 1203 verba
1212 1141 1407 1220 repetuntur.

305 1233 419 1300 dasch.
443 1235 582 1321 Choeph.
605 1237 668 1300 284
689 1259 757 1320 sqq.
780 1238 855 1304 Eur.
878 1239 947 1323 Iph.
969 1239 1062 1306 Taur.
1086 1239 1149 1304 954
1164 1260 1232 1322 sqq.
1255 1239 1407 1304 Valcken.

305 1336 348 1402 ad
369 1337 477 1422 Eurip.
493 1338 620 1423 Hippol.
641 1363 670 1404 r.
686 1340 758 1405 946.
787 1341 828 1406 0.-
839 1341 981 1421 Mueller,
1004 1343 1047 1407 ad
1060 1340 1173 1409 Aesch.
1188 1342 1278 1408 Eum.
1294 1364 1325 1426 p.
1336 1341 1408 1419 134,

305 1440 360 1522 qui
381 1440 461 1504 alios
483 1441 636 1527 ejusmodi
659 1444 745 1508 locos
767 1465 806 1508 ex
821 1444 977 1528 Aeschylo
992 1451 1024 1510 et
1038 1444 1188 1528 Euripide
1203 1444 1408 1527 collegerunt.

798 1756 827 1833 §-
854 1752 902 1816 ra.

388 1943 497 2026 Neque
518 1949 626 2010 tamen
641 1945 763 2025 inillis,
785 1967 867 2029 quae
883 1968 978 2030 supra
993 1945 1305 2013 commemoravimus
1321 1944 1410 2010 aliis-

304 2066 365 2129 que
386 2046 574 2128 expiationis
595 2047 755 2131 exemplis,
777 2048 999 2115 stabularum
1022 2048 1227 2132 scriptoribus
1248 2048 1282 2112 in
1303 2047 1410 2114 heroi-

303 2169 374 2214 cam
395 2155 531 2214 aetatem
554 2149 661 2229 illatis,
682 2151 716 2216 id
738 2151 906 2218 discrimen
928 2152 1128 2217 observatum
1149 2151 1299 2229 videmus,
1321 2150 1410 2233 quod

302 2255 413 2335 postea
433 2252 516 2318 inter
538 2274 575 2316 ea
597 2253 683 2335 apud
704 2252 843 2320 Graecos
866 2255 988 2339 legibus
1009 2259 1078 2318 erat
1099 2254 1303 2318 constitutum
1309 2279 1318 2332 3
1345 2254 1410 2318 ita-

303 2375 364 2438 que
394 2375 459 2420 non
488 2355 674 2440 disjungunt
696 2357 824 2421 caedem
847 2356 992 2422 consulto
1014 2357 1055 2421 ab
1077 2356 1257 2421 inconsulto
1278 2361 1409 2438 patrata

302 2478 361 2523 nec
379 2458 500 2542 justam
524 2457 565 2522 ab
594 2459 731 2542 injusta,
763 2459 818 2523 sed
840 2458 1015 2542 quamlibet
1036 2459 1224 2525 lustratione
1246 2459 1408 2543 expiatam

302 2559 440 2639 faciunt3
471 2561 561 2644 cujus
589 2561 636 2626 rei
662 2560 805 2645 exempla
834 2561 1002 2646 diligenter
1031 2561 1226 2646 collegerunt
1252 2561 1408 2640 Lomeier‚

301 2661 341 2727 de
355 2668 495 2727 veterum
515 2662 679 2746 gentilium
693 2663 934 2728 lustrationibus
955 2686 986 2748 p.
995 2664 1059 2728 214
1070 2685 1139 2746 sqq.
1152 2663 1282 2748 (Ultraj.
1297 2663 1407 2750 1681),

300 2763 438 2841 loheel,
459 2765 613 2848 Aglaoph.
635 2788 666 2849 p.
689 2766 752 2830 968
774 2787 854 2848 sqq,
877 2772 985 2849 (quem
1006 2767 1110 2832 locum
1128 2763 1198 2853 jam
1220 2787 1316 2849 supra
1336 2765 1407 2832 lau-

301 2866 468 2952 davimus).
512 2867 621 2951 Neque
641 2890 716 2932 vero
736 2869 798 2934 hoe
817 2868 902 2934 idem
922 2869 956 2933 in
977 2869 1165 2951 Sophoclem
1186 2869 1310 2934 videtur
1330 2888 1407 2933 con-

300 2971 415 3050 venire,
438 2971 493 3054 qui
513 2971 574 3036 hae
595 2991 721 3054 quoque
742 2972 776 3035 in
798 2993 832 3036 re
854 2993 902 3049 ea,
925 2992 1006 3053 quae
1025 2971 1111 3053 apud
1126 2971 1331 3037 Athenienses
1345 2970 1407 3036 im-

300 3074 410 3156 primis
439 3073 589 3139 ralebant
615 3076 776 3154 instituta,
809 3080 858 3138 est
885 3081 1028 3153 secutus3
1061 3075 1147 3157 apud
1175 3095 1254 3156 quos
1283 3073 1406 3157 legibus

301 3183 370 3243 erat
392 3178 558 3256 sancitum,
579 3182 616 3242 ut
636 3177 674 3256 is,
696 3179 751 3260 qui
772 3177 917 3241 consulto
939 3177 1098 3244 hominem
1119 3183 1272 3255 necasset,
1297 3175 1407 3242 affice-

300 3284 388 3348 retru
416 3279 589 3363 suppliciO,
622 3281 684 3344 nisi
715 3281 815 3357 forte,
848 3279 882 3347 id
911 3278 996 3361 quod
1026 3280 1055 3344 ei
1088 3279 1221 3358 licebat,
1256 3279 1406 3363 fugiendo

300 3387 487 3467 perpetuum
509 3382 654 3448 exsilium
675 3382 709 3446 in
731 3404 764 3447 se
786 3383 959 3465 susciperet
973 3384 1010 3468 ¹).
1061 3382 1104 3448 Et
1130 3381 1180 3450 his
1202 3382 1329 3464 quidem
1350 3403 1407 3448 ex-

300 3485 493 3568 piationibus
515 3485 616 3550 scelus
638 3486 829 3551 exstinctum
852 3484 1056 3563 censebatur,
1078 3506 1137 3550 nec
1158 3485 1223 3550 alia
1245 3485 1274 3551 ei
1294 3483 1407 3550 admo-

300 3588 433 3654 vebatur
454 3588 610 3653 lustratio.
653 3588 829 3672 Diligenter
851 3593 959 3655 autem
985 3587 1063 3654 haec
1092 3588 1198 3654 omnia
1226 3593 1321 3670 poeta
1348 3588 1406 3654 ob-

301 3711 443 3758 servasse
463 3691 626 3773 putandus
646 3697 710 3769 est,
732 3712 829 3772 quum
853 3689 1036 3768 Creontem,
1063 3690 1104 3756 ab
1129 3689 1249 3774 Oedipo
1270 3690 1406 3758 interro-

300 3799 425 3878 g'atnrn,
448 3793 541 3876 quale
563 3794 722 3875 piaculum
744 3787 849 3878 (ποίῳ
869 3796 1047 3879 καθαρμῷ)
1070 3793 1115 3872 ei,
1139 3795 1194 3875 qui
1215 3792 1329 3878 Lajum
1351 3814 1406 3857 oo-

301 3896 443 3974 oidisset,
469 3894 614 3961 adhiberi
635 3895 750 3978 Apollo
771 3895 944 3978 Delphicus
963 3896 1126 3980 jussisset,
1154 3895 1252 3964 faciat
1272 3915 1406 3978 respou-

373 4261 398 4328 1),
428 4258 463 4315 ο1.
476 4260 618 4314 Demosth.
636 4258 696 4312 adv.
710 4257 777 4312 Mid.
796 4257 820 4328 ξ.
834 4259 882 4310 43:
902 4259 929 4309 ol
948 4260 1059 4328 φονικοὶ
1076 4254 1140 4318 τοὺς
1156 4257 1209 4328 μὲν
1228 4258 1258 4312 ἐκ
1271 4262 1407 4331 προνοίας

301 4343 518 4406 ἀποκτιννύντας
530 4342 642 4414 θανάτῳ
654 4346 701 4397 καὶ
712 4343 843 4415 ἀειφυγίᾳ
856 4375 891 4384 -
904 4346 1037 4416 ζημιοῦσι.
1074 4345 1104 4402 0.
1115 4347 1242 4419 Mueller,
1256 4347 1292 4402 ad
1304 4347 1405 4403 Aesch.

300 4437 416 4493 Eumen.
433 4455 462 4508 p.
483 4436 540 4491 ¹27.
575 4433 766 4501 Wachemuth‚
785 4433 886 4488 hellen.
904 4435 1044 4489 Alterthk.
1062 4436 1096 4504 ΙΙ,
1114 4453 1141 4505 p.
1161 4437 1220 4488 216.
