3334 5217
867 545 908 608 36

335 751 407 793 cum
429 751 468 793 ex
490 731 558 814 ejus
580 753 634 795 ore
655 733 781 813 ingrata
803 731 952 810 audierit,
981 738 1092 796 contra
1114 753 1146 796 se
1170 731 1351 815 conjurasse
1374 731 1443 812 opi-

335 839 446 908 natur,
481 839 518 895 ut
545 834 663 915 regiam
693 837 882 914 potestatem
912 832 970 898 sibi
1001 834 1157 915 eriperent
1186 833 1241 917 (cf.
1270 832 1346 897 Oed.
1369 831 1442 915 Tyr.

335 933 399 996 380
414 954 499 1016 sqq.‚
531 935 594 998 532
609 957 677 1016 sqq.
700 936 772 998 548.
795 935 858 997 618
880 939 973 1021 sqq.).
1026 935 1224 1017 Quamquam
1255 935 1288 998 in
1315 937 1444 999 nniver-

334 1057 403 1098 sum
431 1041 588 1099 nontam
617 1037 735 1118 rigidos
763 1058 882 1115 mores,
916 1059 1010 1120 quam
1035 1036 1137 1102 Creon
1158 1039 1191 1102 in
1212 1038 1372 1118 Antigona
1394 1036 1445 1100 fa-

333 1137 419 1213 bula,
442 1144 591 1215 ostentat,
618 1139 673 1219 qui
695 1139 774 1202 nihil
796 1138 854 1203 filii
876 1141 1003 1222 ingenui
1025 1139 1247 1204 adhortatione
1270 1139 1443 1220 mitigatus,

333 1242 402 1323 ejus
431 1261 598 1322 sponsam,
631 1260 728 1320 quam
756 1243 868 1306 intimo
890 1244 1005 1306 amore
1020 1243 1235 1334 amplectitur,
1263 1242 1332 1305 neci
1354 1246 1443 1304 atro-

334 1343 477 1406 cissimae
498 1363 563 1406 non
587 1341 712 1406 dubitat
733 1343 915 1422 demittere,
945 1351 1038 1409 61116
1060 1365 1098 1408 ea
1120 1343 1245 1424 quidem
1266 1365 1300 1407 re
1323 1364 1342 1406 a
1365 1363 1442 1425 pro-

333 1446 436 1527 posito
465 1444 650 1526 depellitur,
687 1445 772 1525 quod
800 1446 853 1510 ille
877 1447 936 1511 sibi
958 1448 1019 1529 ipsi
1040 1468 1151 1510 manus
1173 1446 1290 1510 inferre
1312 1445 1442 1508 minita-

332 1554 394 1611 tur.
445 1546 556 1628 ltaque
586 1547 800 1611 sanctissimas
829 1554 965 1612 naturae
990 1548 1074 1631 leges
1100 1547 1213 1623 violat,
1251 1568 1309 1611 nec
1339 1546 1441 1611 coele-

333 1650 428 1713 stium
448 1650 529 1713 iram
551 1669 682 1713 evocare
703 1652 824 1727 metuit,
850 1651 903 1715 sed
919 1651 1036 1732 insigni
1058 1650 1196 1731 quadam
1219 1648 1386 1712 insolentia
1409 1654 1441 1712 et

332 1752 535 1833 protervitate
559 1773 683 1815 omnem
704 1752 844 1816 Deorum
865 1753 1085 1817 verecundiam
1109 1752 1210 1828 exuit3
1248 1749 1332 1831 quod
1363 1751 1441 1814 satis

333 1852 513 1936 significant
535 1855 603 1936 ejus
625 1853 721 1917 verba
745 1856 849 1936 Antig.
875 1855 956 1918 1039
969 1875 1036 1936 sqq.

611 1950 707 2040 τάφῳ
728 1949 757 2019 d'
779 1954 902 2020 ἐκεῖνον
924 1952 994 2037 οὐχὶ
1015 1954 1166 2043 κρύψετε,

534 2050 602 2121 odd'
624 2051 653 2122 εἰ
676 2053 863 2124 111161σό1
886 2059 990 2146 Ζηνὸς
1011 2055 1116 2122 αἰετοὶ
1136 2055 1237 2141 βορὰν

533 2158 643 2244 φέρε-ιν
666 2183 715 2225 νιν
737 2155 939 2247 ἁρπάζοντες
961 2159 994 2237 ἐς
1019 2158 1103 2237 Διὸς
1124 2156 1263 2243 θρόνους

534 2253 603 2324 orid’
624 2250 669 2336 dg
690 2258 820 2344 μίασμα
842 2266 939 2326 τοῦτο
961 2260 1006 2350 μὴ
1029 2264 1146 2347 τρέσας
1165 2259 1227 2346 ἐγώ
1249 2293 1251 2298 ·

531 2359 678 2427 θάπτειν
700 2360 840 2451 παρήσω
861 2368 976 2428 κεῖνον.
1027 2363 1161 2429 11486.
1191 2364 1263 2429 658.
1293 2366 1353 2429 777
1371 2388 1440 2449 sqq.

415 2466 487 2530 Jam
511 2465 598 2529 haud
620 2465 740 2530 levibus
762 2468 957 2548 argumentis
979 2468 1057 2532 mihi
1071 2467 1179 2530 videor
1197 2466 1441 2546 demonstrasse,

330 2576 456 2651 poetam
478 2568 597 2632 civibus
620 2570 683 2632 suis
705 2590 770 2632 non
794 2571 876 2651 regis
898 2570 1044 2634 heroicae
1066 2571 1195 2647 1616111,
1225 2569 1279 2634 sed
1300 2572 1440 2652 tyranni,

330 2671 455 2752 qualem
469 2672 529 2752 ipsi
544 2669 606 2733 sibi
616 2670 762 2734 solebant
776 2671 904 2753 fingere,
926 2678 999 2736 ante
1023 2672 1130 2736 oculos
1146 2673 1345 2754 proposuisse
1360 2674 1441 2736 ima-

331 2773 443 2854 ginem.
502 2772 611 2853 Neque
640 2793 713 2836 vero
744 2782 856 2838 contra
884 2775 999 2838 mirum
1020 2779 1125 2856 potest
1146 2774 1260 2851 videri,
1291 2775 1376 2856 quod
1398 2775 1441 2838 ab

331 2874 441 2938 eodem
462 2877 557 2956 poeta
580 2873 734 2952 TheseuS,
758 2876 998 2940 Atheniensium
1020 2876 1074 2939 ille
1096 2898 1151 2940 rex
1174 2877 1383 2954 clarissimus,
1406 2877 1442 2940 in

332 2976 408 3040 Oed.
431 2974 497 3040 Col.
525 2976 634 3040 fabula
663 2998 793 3059 prorsus
821 2979 914 3042 aliter
942 2985 989 3043 611
1019 2979 1210 3060 descriptus,
1242 2978 1357 3060 quippe
1384 2980 1442 3059 qui

328 3079 470 3162 justitia,
505 3099 627 3142 mamm
650 3079 848 3161 integritate,
882 3080 1034 3162 singulari
1066 3080 1205 3161 quadam
1241 3080 1442 3145 humanitate

333 3202 487 3244 summam
509 3180 640 3244 deorum
670 3183 805 3262 gratiam
833 3188 963 3259 11661111,
999 3183 1116 3248 civibus
1148 3184 1212 3247 suis
1241 3183 1441 3265 gratissimus

331 3289 364 3346 et
385 3282 623 3359 dilectissimus,
655 3284 778 3364 imperii
805 3284 930 3348 clavum
951 3290 1068 3349 teneat.
1119 3285 1187 3349 Hoc
1210 3291 1316 3349 autem
1338 3305 1444 3366 popu·

332 3385 393 3448 lari
419 3384 557 3465 quodam
586 3384 690 3448 studio
719 3407 786 3448 esse
813 3386 933 3451 factum
954 3409 974 3450 a
995 3392 1105 3469 poeta,
1143 3407 1234 3451 nemo
1258 3407 1322 3450 non
1342 3387 1443 3466 videt,

333 3507 429 3567 quum
450 3485 656 3550 Athenienses
679 3489 812 3552 eundem
834 3510 940 3571 regem
962 3490 1101 3571 ipsorum
1124 3487 1351 3571 rempublicam
1375 3510 1443 3553 non

329 3588 426 3654 modo
442 3587 628 3668 condidisse,
650 3590 706 3654 sed
727 3613 797 3655 eam
819 3593 916 3655 etiam
937 3592 1060 3674 imperii
1080 3591 1225 3669 formam,
1249 3612 1329 3672 quae
1345 3591 1446 3656 unica

293 3723 297 3730 ·
329 3691 419 3774 justa
440 3697 472 3754 et
493 3689 633 3772 legitima
654 3695 691 3757 iis
712 3693 881 3758 videbatur
902 3715 977 3771 esse,
1000 3695 1136 3776 primum
1166 3694 1364 3757 constituisse
1389 3715 1446 3758 ar-

332 3792 527 3856 bitrarentur
544 3794 579 3877 ¹).

341 3962 540 3970 Μ*-

405 4073 426 4141 ¹)
462 4074 550 4141 Hujus
567 4074 608 4125 rei
620 4074 812 4142 gravissimum
828 4077 1016 4128 testimonium
1033 4080 1075 4128 est
1087 4077 1163 4128 locus
1175 4076 1222 4128 ille
1235 4076 1330 4143 Eurip.
1344 4076 1446 4146 Suppl.

333 4179 359 4215 v.
378 4163 430 4212 404
443 4179 493 4229 sq„
513 4163 561 4215 ubi
579 4161 700 4214 Theseus
719 4162 753 4214 de
772 4163 980 4215 Atheniensium
1000 4164 1112 4215 civitate
1130 4164 1271 4216 inducitur
1288 4161 1396 4217 dicens:

767 4246 799 4300 οὐ
816 4245 871 4320 γὰρ
888 4246 1001 4318 ἄρχεται

579 4330 640 4390 ἑνὸς
658 4331 728 4402 πρὸς
747 4332 855 4407 ἀνδρός,
874 4335 932 4388 ἀλλ’
951 4339 1079 4407 ἐλευθέρα
1098 4333 1184 4393 πόλις.

333 4421 369 4476 cf.
388 4441 413 4477 v.
432 4426 480 4475 441
497 4440 555 4490 sqq.
586 4423 700 4476 Isocrat.
719 4423 834 4476 Panath.
853 4424 877 4492 ξ.
894 4427 951 4477 129.
983 4424 1081 4477 Pseud.
1099 4424 1176 4478 nem.
1196 4443 1218 4478 c.
1238 4423 1336 4478 Neaor.
1355 4423 1380 4493 ξ.
1396 4429 1443 4484 75.
