3334 5217
799 502 843 567 45

269 695 363 759 minis
386 692 624 775 circumscripta
644 691 723 767 fuit,
758 696 790 754 et
818 690 852 753 iu
881 691 1061 756 universum
1090 713 1127 757 ea
1153 713 1282 775 prorsus
1311 694 1376 757 alia

271 797 398 862 videtur
419 797 530 875 fnisse,
565 817 604 860 ac
625 793 798 878 posteriore
820 798 970 875 tempore.
1023 794 1069 858 Ac
1090 795 1218 859 minime
1240 795 1376 877 quidem,

269 920 351 981 quae
380 905 458 962 tunc
488 905 558 962 erat
586 917 709 961 morum
739 895 942 978 simplicitas,
975 918 1047 961 cum
1075 897 1172 961 animi
1200 903 1231 962 et
1258 897 1376 980 ingenii

269 1001 445 1066 eruditione
472 1000 619 1083 politiore
646 998 741 1062 homo
763 997 844 1062 liber
865 1018 930 1061 non
951 999 1150 1063 antecederet
1171 1020 1275 1078 servo,
1311 1002 1374 1064 sin-

268 1103 415 1186 gulorum
437 1108 541 1166 autem
563 1101 699 1184 pretium
721 1120 760 1163 ex
782 1100 951 1165 virtutibus
965 1106 1100 1177 tantum,
1124 1122 1205 1182 quae
1227 1101 1267 1165 ad
1289 1123 1375 1166 com·

267 1207 373 1270 munis
394 1206 476 1268 vitae
499 1203 756 1268 consuetudinem
779 1203 983 1284 pertinerent,
1006 1199 1242 1281 aestimaretur,
1265 1203 1374 1268 discri-

267 1309 352 1371 mine
373 1307 440 1386 illo,
462 1328 525 1388 quo
546 1312 666 1390 postea,
689 1306 750 1370 hae
772 1305 855 1369 duae
877 1305 1000 1387 generis
1023 1304 1154 1369 humani
1176 1305 1292 1370 classes
1315 1307 1374 1371 sihi

268 1417 360 1474 erant
381 1410 552 1492 oppositae.
602 1408 764 1472 Familiari
785 1409 890 1490 potius
914 1407 1139 1472 cousuetudine
1161 1429 1215 1472 eas
1236 1410 1319 1473 inter
1341 1429 1373 1472 se

264 1513 393 1595 junctas
409 1511 527 1588 tuisse,
549 1511 634 1594 apud
654 1509 826 1574 Homerum
849 1510 1013 1573 notissimo
1035 1510 1091 1573 illo
1113 1515 1209 1591 atque
1231 1510 1373 1576 luculen-

266 1615 387 1678 tissimo
409 1614 541 1677 Eumaei
562 1611 705 1694 exemplo
728 1611 948 1677 confirmatur:
972 1633 1035 1694 quo
1055 1613 1123 1676 viro
1146 1613 1255 1678 Ulixes
1270 1617 1302 1676 et
1315 1612 1374 1676 Te·

267 1716 429 1780 lemachus
451 1716 496 1780 ita
518 1721 667 1793 utuntur,
689 1721 725 1779 ut
747 1714 910 1779 dominum
933 1736 952 1778 a
975 1736 1063 1780 servo
1086 1715 1173 1786 haud
1194 1715 1288 1780 facile
1310 1715 1374 1779 dis-

263 1819 396 1902 jungas,
419 1839 521 1900 neque
542 1819 716 1900 quidquam
738 1818 914 1881 invenimus
936 1817 1021 1882 illius
1036 1818 1288 1900 contemptionis
1310 1838 1372 1900 qua

266 1922 439 2003 posteriore
471 1927 612 2003 tempore
643 1919 737 1984 liberi
770 1920 804 1982 in
837 1940 943 1984 servos
979 1919 1124 1984 solebant
1157 1919 1316 2002 despicere
1334 1921 1370 2004 ¹).

265 2023 358 2088 Hanc
385 2044 460 2088 vero
487 2044 524 2086 ea
551 2042 676 2103 quoque
697 2042 748 2085 res
769 2021 862 2086 valde
884 2022 1036 2104 augebat,
1069 2023 1154 2104 quod
1177 2043 1284 2086 omues
1306 2021 1371 2086 fere

266 2125 498 2189 semibarbari
520 2130 627 2202 erent3
655 2125 763 2204 itaque
784 2145 842 2206 per
863 2145 895 2187 se
916 2124 1113 2207 intelligitur,
1137 2123 1285 2202 Graecos,
1308 2143 1371 2206 quo

265 2226 435 2292 intensiore
464 2228 568 2291 animo
597 2226 647 2289 his
670 2247 737 2291 sese
760 2227 981 2308 opposuerint,
1009 2247 1046 2290 eo
1067 2227 1254 2291 insolentius
1275 2227 1371 2291 etiam

264 2329 299 2392 in
325 2329 398 2392 illos
424 2329 673 2393 animadvertere
701 2327 760 2392 sibi
786 2329 956 2410 sumpsisse
971 2331 1009 2414 2).
1055 2329 1146 2406 Quod
1168 2329 1372 2410 quemadmo-

265 2431 341 2495 dum
363 2433 458 2496 etiam
479 2430 612 2495 Athenis
634 2452 693 2494 usu
714 2431 852 2509 venerit,
891 2451 1084 2512 quamquam
1106 2430 1140 2494 in
1162 2432 1222 2495 hac
1245 2432 1371 2495 civitate

264 2534 394 2598 meliore
423 2533 603 2596 conditione
631 2552 727 2612 quam
758 2532 839 2614 alibi·
860 2532 940 2595 servi
961 2532 1057 2597 fuisse
1077 2532 1248 2597 traduntur
1259 2535 1305 2618 ³),
1334 2553 1370 2596 eo

264 2637 401 2699 maxime
423 2642 471 2699 est
491 2635 701 2718 perspicuum,
723 2634 809 2715 quod
831 2635 959 2698 omnino
974 2634 1153 2698 liberalium
1168 2636 1284 2699 artium
1299 2656 1371 2699 eru·

265 2737 385 2801 ditione
407 2758 459 2802 eos
482 2737 583 2802 excoli
603 2737 700 2801 Solon
722 2736 790 2819 lege
810 2736 961 2821 vetuitl).
1004 2737 1043 2801 In
1064 2738 1245 2801 universum
1265 2744 1369 2802 autem

263 2841 302 2903 iis
324 2841 493 2922 ingenuam
515 2839 692 2903 animorum
715 2838 875 2902 culturam
896 2839 1074 2922 abjudicari
1089 2861 1156 2904 esse
1171 2840 1308 2919 solitum,
1331 2861 1370 2904 cx

264 2943 427 3006 nonnullis
449 2941 612 3024 Sophoclis
642 2961 766 3021 quoque
788 2940 866 3003 locis
889 2941 1076 3005 concludere
1099 2963 1190 3023 posse
1211 2941 1303 3005 nobis
1324 2943 1370 3005 vi-

264 3043 393 3123 demur;
414 3045 521 3124 itaque
543 3065 560 3106 e
581 3042 694 3107 Trach.
716 3065 744 3106 v.
762 3040 805 3104 52
821 3062 900 3124 sqq„
922 3042 976 3106 ubi
997 3043 1166 3107 Deianirae
1187 3043 1308 3107 famula
1330 3043 1369 3107 de

263 3166 297 3209 se
319 3146 389 3226 ipsa
409 3150 562 3208 testatur:

393 3251 448 3310 νῦν
470 3239 498 3310 δ’
519 3241 549 3310 εἰ
571 3241 707 3325 δίκαιον,
731 3241 809 3321 τούς
830 3243 1023 3335 ἐλευθέρους
1044 3249 1180 3334 φρενοῦν

265 3433 471 3444 ,-,-..--.

335 3524 355 3590 1)
391 3523 426 3577 cf.
443 3523 606 3591 Sehdmann,
626 3523 734 3576 Griech.
752 3525 873 3577 Alterth.
892 3526 913 3592 Ι,
932 3543 960 3592 p.
977 3528 1019 3577 43.
1062 3526 1230 3594 Friedreich,
1253 3528 1280 3581 d.
1298 3527 1366 3580 Rea·

259 3613 318 3666 lien
337 3612 365 3663 in
384 3612 411 3664 d.
429 3609 516 3663 Iliade
535 3628 562 3664 u.
580 3609 701 3677 Odyssee
718 3629 744 3678 p.
764 3613 816 3664 224
835 3629 894 3678 sqq.

333 3699 356 3765 2)
393 3697 428 3752 cf.
448 3698 476 3750 G.
493 3698 539 3750 Fr.
558 3697 707 3764 Hermann,
728 3698 835 3752 Griech.
854 3699 1082 3752 Prisci-Alterth.
1102 3699 1126 3769 §-
1148 3703 1188 3769 13,
1212 3704 1223 3753 l
1244 3719 1302 3770 sqq.

333 3786 355 3853 3)
391 3784 426 3839 cf.
445 3784 586 3838 Demosth.
604 3784 675 3837 Phil.
693 3786 741 3853 Ill,
760 3785 785 3855 ξ.
799 3788 823 3838 3.
860 3787 929 3840 Xen.
947 3787 973 3840 d.
992 3788 1099 3856 republ.
1117 3789 1218 3842 Athen.
1238 3789 1265 3843 C.
1288 3793 1309 3857 1,
1327 3791 1366 3843 10.

260 3873 376 3941 Becker,
395 3873 533 3927 Charicles
552 3872 600 3939 111,
618 3873 660 3924 28.

332 3960 355 4029 ⁴)
392 3959 591 4014 cf.Plut.Sol.
613 3959 684 4012 (1.1.
720 3959 819 4013 Aesch.
843 3977 866 4014 c.
890 3961 960 4014 Tim.
984 3962 1008 4031 ξ.
1030 3963 1093 4015 138;
1124 3963 1152 4013 οἱ
1174 3958 1227 4032 γὰρ
1252 3963 1366 4030 πατέρες

260 4044 348 4116 ἡμῶν,
369 4042 415 4098 ὅθ’
435 4042 504 4116 ὑπὲρ
522 4049 577 4096 τῶν
597 4041 821 4116 ἐπιτηδευμάτων
840 4080 872 4088 -
891 4048 1084 4118 ενομοτέθοον,
1103 4045 1121 4100 c‘i
1139 4053 1196 4106 τοῖς
1214 4049 1366 4119 ἐλευθέροις

260 4132 380 4205 ἡγοῦντο
399 4132 469 4185 εἶναι
487 4135 624 4205 πρακτέα,
638 4136 732 4184 »ταῦτα
750 4139 807 4192 τοῖς
826 4131 936 4193 δούλοις
953 4134 1076 4188 ἀπεῖπον
1092 4131 1131 4206 μὴ
1151 4141 1248 4188 ποιεῖν.
1290 4140 1366 4188 Δοῦ-

260 4219 312 4275 λόν
336 4236 423 4291 φησιν
445 4217 460 4271 ὁ
483 4217 568 4290 νόμος
588 4219 628 4290 μὴ
649 4217 840 4290 γυμνάζεσθαι
856 4223 929 4293 μηδὲ
948 4225 1122 4295 ξηραλοιφεῖν
1140 4224 1170 4276 ἐν
1187 4229 1246 4281 ταῖς
1264 4225 1365 4275 νεολαί-

260 4325 362 4381 στραις.
400 4309 588 4378 Nogelshach,
607 4309 783 4363 naohhomer.
801 4311 932 4380 Theolog.
950 4329 977 4379 p.
998 4314 1058 4364 284.
1093 4310 1290 4379 Wachsmuth‚
1307 4311 1364 4366 hel·

258 4399 315 4452 len.
333 4396 536 4451 Alterthkunde
553 4396 573 4465 Ι,
592 4413 619 4465 p.
638 4396 699 4449 475.
