3334 5217
868 530 907 594 18

334 715 473 781 Doribus
494 717 616 783 inculta
637 715 786 800 fingitnr3
816 718 903 800 quod
924 718 1007 783 idem
1028 719 1062 781 in
1084 718 1141 782 illa
1162 718 1319 800 Polynicis
1341 718 1437 783 verba

333 841 362 883 v.
388 819 467 883 1301
491 817 566 884 ἐπεὶ
590 804 776 906 γὰρ’ἧλθον
789 813 908 905 ’Ἀργος
930 817 963 898 ἐς
984 817 1023 884 τὸ
1046 817 1195 904 Δωρικὸν
1217 820 1340 886 videtur
1363 843 1437 885 con-

333 923 448 986 venire.
492 923 574 988 Huic
602 945 677 989 vero
706 923 806 988 errori
833 929 946 1006 poetae
973 924 1101 1005 quidem
1124 924 1333 988 condonando
1355 931 1438 988 vete-

332 1046 403 1088 rum
425 1032 590 1090 auctorum
611 1027 793 1090 testimonia
815 1027 1004 1108 opponenda
1027 1033 1120 1104 sunt,
1153 1027 1326 1107 ex'quibus
1351 1032 1438 1090 octo-

331 1128 421 1209 ginta
443 1129 568 1193 demum
589 1130 681 1193 annis
704 1135 777 1212 post
790 1128 918 1212 Trojam
940 1136 1067 1211 captam
1089 1129 1317 1192 terramillam
1339 1129 1438 1192 aDo-

330 1230 419 1294 ribus
441 1237 627 1312 occupatam
648 1252 715 1296 esse
737 1232 964 1313 cognoscimus.
996 1232 1034 1295 of.
1059 1231 1157 1294 Thuc.
1176 1231 1200 1308 1,
1219 1232 1275 1296 12:
1298 1232 1439 1315 Δωριεῖς

331 1355 368 1395 τε
389 1325 596 1419 ὀγδοηκοστῷ
618 1329 685 1397 ἔτει
708 1334 788 1411 (scil.
804 1330 888 1415 μετὰ
910 1330 968 1420 τὴν
988 1325 1084 1396 Ἰλίου
1106 1328 1242 1400 ἅλωσιν1
1265 1329 1320 1412 ξῦν
1336 1327 1437 1418 Ἡρα-

331 1430 475 1512 κλείδαις
496 1432 753 1521 Πελοπόννησον
776 1431 879 1517 ἔσχον.
908 1436 1070 1499 Eratosth.
1087 1457 1137 1518 ap.
1155 1433 1250 1499 Clam.
1268 1434 1437 1499 Alexandr.

332 1535 445 1602 Strom.
468 1537 492 1614 I,
515 1538 553 1600 21
586 1560 615 1620 p.
638 1538 712 1600 402.
757 1537 849 1602 Diod.
874 1537 968 1603 Sicul.
992 1537 1016 1616 Ι,
1039 1539 1068 1602 5.
1124 1537 1335 1601 Nihilominus
1364 1559 1438 1603 vero

331 1640 426 1703 etiam
455 1640 622 1722 Euripides
651 1641 784 1705 eandem
815 1647 993 1724 temporum
1023 1639 1237 1705 confusionem
1266 1641 1438 1718 commisit3

331 1742 417 1823 apud
439 1762 533 1822 quem
554 1743 588 1806 in
603 1741 716 1807 Troad.
737 1743 840 1807 v.233
863 1745 1006 1827 captivae
1027 1742 1226 1807 Dardanides
1248 1749 1438 1824 queruntur:

332 1842 446 1908 δοῦλαι
468 1841 527 1929 γὰρ
551 1840 590 1930 δὴ
607 1840 758 1925 Δωρίδος
780 1843 880 1928 ἐσμὲν
899 1841 1023 1926 χθονὸς
1043 1837 1113 1931 ἤδη,
1138 1850 1235 1926 atque
1256 1845 1383 1908 eaedem
1405 1847 1439 1908 in

331 1946 450 2011 Hecub.
472 1970 500 2010 v.
523 1946 603 2012 448:
638 1951 685 2032 τῷ
706 1943 900 2025 δοολόσονος
929 1945 1013 2033 πρὸς
1035 1939 1125 2012 οἶκον
1146 1939 1297 2033 studuit?
1320 1942 1438 2035 ἀφίξο-

330 2073 407 2131 μαι,·
428 2041 449 2136 ἢ
469 2045 620 2136 Δωρίδος
641 2044 742 2134 ὅρμον
765 2043 840 2127 αἴας
862 2051 929 2114 κτλ.

414 2151 487 2216 Jam
509 2158 615 2217 autem
638 2174 695 2234 per
717 2173 750 2216 se
772 2154 975 2236 intelligitur,
1000 2158 1144 2234 poetam,
1168 2173 1265 2233 quum
1288 2173 1357 2216 eam
1379 2151 1440 2216 sibi

332 2256 501 2337 sumpserit
522 2255 693 2334 licentiam,
714 2262 751 2320 ut
772 2256 1024 2337 Peloponnesum
1042 2256 1110 2338 jam
1133 2262 1207 2318 ante
1220 2255 1362 2318 Troicum
1385 2277 1440 2318 ex·

331 2357 524 2439 peditionem
546 2378 565 2421 a
587 2357 726 2420 Doribus
749 2357 915 2421 subactam
936 2355 1085 2438 fingeret,
1119 2356 1205 2420 haud
1228 2358 1348 2440 majore
1367 2359 1439 2440 jure

330 2460 368 2522 iis
389 2458 584 2536 hominibus
619 2459 674 2541 qui
701 2458 765 2522 illis
791 2457 986 2540 temporibus
1015 2480 1085 2523 eam
1106 2464 1225 2522 terram
1246 2458 1440 2537 incolebant,

328 2561 409 2625 tales
431 2581 533 2624 mores
554 2561 712 2638 tribuisse,
735 2561 845 2642 quales
867 2561 953 2625 illius
975 2566 1101 2625 tantum
1124 2562 1225 2642 gentis
1246 2562 1365 2644 proprii
1379 2561 1438 2624 ha-

329 2663 489 2728 berentur.
534 2663 625 2739 Quod
647 2663 913 2744 quemadmodum
936 2665 1024 2728 inse
1047 2664 1226 2741 admiserit,
1261 2685 1277 2727 e
1300 2662 1436 2738 fabulae,

317 2741 411 2847 'qnae
432 2765 571 2829 Acrisius
592 2765 793 2842 inscribitur,
816 2765 909 2847 frgm.
933 2767 971 2828 61
998 2766 1136 2829 dilucida
1157 2767 1359 2848 perspicitur,
1380 2763 1437 2826 ubi

330 2868 478 2951 legimus:

403 3046 406 3050 .
460 2973 553 3056 ῥῆσις
573 2971 708 3053 βραχεῖα
731 2973 802 3047 τοῖς
824 2973 983 3056 φρονοῦσι
1007 2966 1160 3057 σώφρονα

458 3067 543 3156 πρὸς
563 3066 640 3147 τοῦς
661 3066 814 3148 τεκόντας
836 3069 893 3135 καὶ
916 3069 1137 3160 φυτεύσαντας
1158 3074 1291 3157 πρέπει.

458 3166 565 3249 illinc
584 3196 621 3236 τε
643 3172 699 3237 καὶ
721 3170 800 3261 κόρῃ
822 3197 858 3238 τε
880 3168 1013 3262 κοῖργείρι
1035 3173 1126 3258 γένος

460 3299 512 3351 αις
533 3272 656 3357 κόσμος
677 3271 697 3362 ἦ
721 3274 794 3363 σιγή
816 3299 853 3340 τε
875 3275 930 3340 καὶ
952 3274 994 3340 τὰ
1017 3269 1114 3362 παῦρ’
1138 3271 1213 3361 ἔπη.

417 3376 486 3440 Ηοο
507 3378 630 3442 videtur
654 3385 808 3456 constare,
831 3378 896 3444 illis
917 3379 1021 3443 verbis
1036 3379 1183 3460 Argivum
1201 3377 1363 3460 quandam
1376 3377 1440 3440 vir-

332 3481 437 3562 ginem
465 3500 533 3543 esse
560 3480 771 3559 admonitam,
806 3487 901 3562 atque
928 3487 964 3544 ut
991 3482 1147 3564 conjicere
1170 3480 1260 3558 licet,
1295 3479 1440 3557 Danaen,

332 3582 446 3645 Acrisii
475 3582 557 3663 regis
587 3582 747 3663 Argolidis
776 3582 892 3661 filiam,
926 3605 1007 3665 quae
1036 3584 1097 3647 hac
1126 3584 1159 3647 in
1186 3583 1297 3648 fabula
1318 3583 1441 3645 induci-

332 3688 386 3748 tur
400 3685 436 3768 ¹).
480 3683 578 3746 Poeta
598 3685 710 3764 igitur,
733 3706 830 3767 quum
854 3706 922 3750 eam
945 3687 1042 3750 faciat
1063 3687 1231 3762 monitam,
1254 3691 1290 3747 nt
1313 3686 1441 3750 conciso

334 3805 477 3850 sermone
499 3791 530 3849 et
551 3786 660 3866 paucis
681 3787 783 3851 verbis
807 3792 965 3865 uteretur,
994 3809 1074 3868 quae
1098 3809 1169 3851 cum
1192 3787 1272 3850 alias
1294 3787 1441 3867 virgines

332 4054 408 4106 Fast.
425 4053 533 4106 Hellen.
551 4071 578 4121 p.
591 4054 625 4103 85
639 4070 697 4121 sqq.
717 4052 864 4120 expositas,
885 4051 1071 4118 compluribus
1093 4051 1176 4102 etiam
1196 4051 1274 4101 annis
1293 4055 1356 4102 ante
1375 4052 1442 4105 Tro-

329 4143 389 4210 jam
407 4145 516 4210 captam
535 4141 613 4194 vixit.

406 4229 427 4296 ¹)
463 4227 498 4282 cf.
516 4227 643 4303 Apollcd.
661 4227 695 4293 lI,
715 4229 739 4293 2,
758 4230 783 4279 4.
800 4227 891 4281 Schol.
911 4227 945 4279 ad
964 4227 1092 4295 Apollon.
1111 4225 1201 4279 Rhod.
1220 4243 1277 4293 arg.
1298 4225 1344 4290 lV,
1362 4227 1441 4278 1091.

331 4316 419 4369 Jacob
437 4333 480 4384 ap.
493 4315 630 4383 Welcker,
650 4314 676 4367 d.
695 4314 800 4383 griech.
813 4314 932 4383 Tragbd.
951 4333 978 4368 u.
997 4316 1023 4368 d.
1043 4315 1174 4383 epischen
1189 4312 1286 4380 Cyclus
1306 4313 1442 4380 geordnet

333 4403 369 4473 Il,
386 4420 413 4471 p.
427 4405 487 4455 349.
