3334 5217
755 549 793 613 17

217 739 257 803 cf.
273 759 301 802 v.
316 739 366 818 70,
388 738 443 803 nbi
456 737 566 802 eadem
581 738 696 802 mulier
708 756 774 801 nou
789 739 857 802 sine
872 742 1055 820 contemptu
1070 737 1208 819 quodam
1223 735 1322 826 Λυδὴ

216 837 295 928 γυνή
317 841 451 920 diuitum·
1315 835 1318 842 ¹

345 941 413 1008 Ter.
436 945 476 1007 fr.
490 944 572 1009 525:
594 939 790 1030 φιλάργυρον
810 939 871 1024 μὲν
894 945 963 1004 πᾶν
984 939 1021 1007 τὸ
1043 939 1208 1028 βάρβαρον
1223 941 1323 1028 γένος.

303 1046 429 1110 Etenim
457 1046 507 1111 his
537 1046 640 1112 verbis
668 1045 749 1110 illud
775 1045 986 1109 barbarorum
1008 1046 1118 1109 vitium
1141 1045 1324 1111 denotatum

218 1154 282 1225 est,
315 1146 445 1211 Graecis
466 1149 709 1232 simplicioribus
735 1167 793 1211 nec
821 1148 944 1230 magnis
972 1148 1088 1213 divitiis
1115 1147 1324 1230 gaudentibus

217 1251 354 1313 maxime
375 1249 568 1333 despectum,
591 1251 677 1333 quod
698 1251 768 1314 auri
787 1251 973 1332 argentique
988 1252 1179 1332 possessioni
1193 1250 1325 1314 nimium

219 1351 401 1434 tribuerent.
450 1353 548 1438 Cujus
568 1355 614 1418 rei
636 1353 815 1418 Herodotus
837 1351 892 1429 IX,
915 1351 957 1415 82
980 1352 1114 1435 aliisque
1136 1353 1214 1418 locis
1236 1353 1325 1416 lucu·

219 1454 305 1519 lenta
326 1457 473 1539 exempla
494 1457 612 1521 attulit.

727 1733 756 1810 ς.
786 1730 816 1792 4.

302 1891 347 1959 Ut
376 1891 418 1958 ad
448 1892 587 1958 Graecos
616 1891 701 1974 ipsos
730 1881 913 1969 redeamus,
945 1890 984 1956 de
1007 1891 1160 1974 singulari
1187 1894 1324 1976 quadam

218 2018 326 2062 eorum
347 1997 475 2061 natione
499 1993 668 2058 dicendum
690 2000 747 2071 est,
769 1990 884 2075 inqua
906 1995 1182 2060 commemoranda
1196 2003 1325 2080 poetam

216 2122 324 2164 rerum
347 2100 396 2163 sui
409 2099 561 2180 temporis
584 2102 702 2161 statum
723 2097 897 2179 respexisse
920 2117 1153 2179 cognoscemus.
1197 2099 1243 2164 Ac
1259 2098 1325 2164 Do-

219 2223 269 2266 res
287 2201 414 2284 quidem
435 2201 588 2282 iutellig0,
610 2219 690 2280 quos
708 2199 777 2282 jam
799 2198 930 2263 heroum
952 2205 1057 2264 aetate
1073 2199 1324 2284 Peloponnesum

216 2305 295 2368 facit
319 2304 502 2368 incolentes.
548 2302 639 2379 Quod
665 2301 802 2384 primum
831 2300 1063 2383 quodammodo
1091 2303 1224 2367 obscure
1246 2303 1325 2370 Teu·

217 2407 264 2470 cri
287 2407 389 2470 verbis
411 2408 446 2469 in
468 2406 556 2489 Ajac.
579 2428 608 2468 v.
633 2404 716 2468 1285
738 2423 806 2486 sqq.
830 2399 1003 2468 indicatum
1027 2405 1218 2470 invenimus:

348 2502 385 2573 οὗ
408 2505 573 2594 δραπέτην
594 2502 651 2570 τὸν
672 2505 789 2592 κλῆρον
811 2502 845 2581 ἐς
865 2505 967 2588 μέσον
988 2503 1117 2587 καθείς,

346 2605 444 2695 ὑγρᾶς
467 2606 605 2695 ἀρούρας
626 2609 742 2691 βῶλον,
766 2601 837 2672 ἀλλ’
860 2599 896 2684 ὃς
918 2601 1058 2695 εδλόφου

347 2718 443 2799 κυνῆς
465 2707 579 2794 ἔμελλε
600 2715 732 2797 πρῶτος
753 2705 842 2793 δι’λμα
863 2715 1019 2798 κουφιεῖν,
1335 2749 1354 2778 a

217 2817 245 2879 si
267 2836 302 2878 re
323 2837 398 2880 vera
419 2816 467 2893 iis,
490 2816 523 2879 id
546 2815 630 2897 quod
648 2815 718 2898 jam
731 2821 851 2879 veteres
873 2815 1063 2898 interpretes
1086 2822 1276 2898 acceperunt
1287 2819 1323 2902 ¹),

217 2917 310 2981 dolus
331 2917 394 2996 ille,
418 2939 480 3000 quo
503 2917 714 3000 Cresphontes
735 2919 769 2980 in
790 2916 999 2998 Peloponnesi
1023 2918 1186 2982 sortitione
1207 2915 1324 2985 Messe-

215 3021 322 3097 niam,
358 3021 509 3102 optimam
531 3020 599 3103 ejus
620 3026 724 3084 terrae
746 3025 870 3102 partem
892 3019 953 3083 sihi
975 3020 1177 3100 acquisivisse
1199 3019 1324 3086 diceba-

214 3128 270 3186 tur
286 3124 336 3200 2),
373 3121 568 3204 significatus
598 3128 654 3186 est.
710 3118 812 3203 Magis
841 3119 978 3184 dilucide
1007 3121 1116 3185 eadem
1144 3128 1323 3204 temporum

216 3225 360 3289 confusio
387 3247 426 3289 ex
448 3224 523 3289 Oed.
546 3221 611 3288 001.
634 3247 662 3288 v.
685 3223 747 3286 696
774 3223 980 3305 perspicitur,
1014 3223 1069 3288 ubi
1098 3244 1195 3306 quum
1225 3225 1322 3290 choro

215 3347 327 3390 senum
356 3327 534 3393 Atticorum
560 3326 745 3391 tribuantur
775 3325 873 3390 verba
906 3322 940 3388 ἐν
970 3329 1012 3412 τᾷ
1039 3322 1165 3413 μεγάλᾳ
1196 3322 1322 3411 Δωρίδι

214 3423 305 3513 νάσφ
326 3427 499 3507 Πέλοπος,
529 3429 598 3513 jam
627 3428 796 3511 Oedipodis
811 3431 841 3513 3)
871 3433 1012 3511 tempore
1039 3428 1273 3513 Peloponnesus
1301 3451 1336 3513 a·

215 3619 423 3630 ——..-.-....

287 3729 308 3798 1)
344 3729 481 3782 cf.sch0l.
500 3729 536 3782 ad
554 3728 632 3782 h.1.:
658 3725 741 3780 οὐδὲν
759 3723 954 3798 πανουργήσας
972 3729 1035 3798 περὶ
1052 3723 1102 3779 τὸν
1120 3729 1234 3793 κλῆρον,
1262 3724 1320 3777 ἀλλ’

213 3813 360 3886 εὐξάμενος
383 3818 478 3885 λαχεῖν
502 3812 592 3866 αὐτόν.
641 3819 728 3868 Τοῦτο
753 3815 786 3868 δὲ
811 3818 960 3884 ἱστορεῖται
983 3819 1047 3886 περὶ
1069 3810 1250 3885 Κρεσφόντου
1272 3815 1318 3864 καὶ

211 3908 269 3956 τῶν
281 3900 479 3975 Ἀριστοδήμου
497 3902 622 3965 παίδοιν,
652 3898 696 3954 ὅτι
713 3899 877 3973 πανούργως
895 3898 909 3954 ὁ
929 3900 1108 3975 Κρεσφόντης
1125 3903 1213 3968 βῶλον
1232 3897 1319 3970 ὑγρὰν

211 3994 252 4049 εἰς
273 3987 324 4057 τὴν
347 3986 445 4062 ὑδρίαν
468 3995 518 4043 τοῦ
536 3988 635 4049 ὕδατος
653 3991 730 4057 ἔβαλε
748 3993 940 4062 κληρουμένων
957 3991 1021 4061 περὶ
1041 3984 1204 4054 Μεσσήνης,
1236 3991 1319 4056 atque

208 4078 270 4144 jam
286 4078 448 4132 Eustnthius
468 4081 503 4133 ad
520 4080 553 4134 Il.
573 4083 607 4140 Β,
625 4097 650 4132 r.
670 4079 722 4130 852
745 4078 843 4132 laudat
861 4077 936 4131 hunc
954 4075 1097 4144 Sophoclis
1114 4077 1205 4129 locum
1223 4079 1255 4128 ut
1274 4093 1319 4128 exe

212 4166 335 4232 emplum
353 4164 562 4238 οἷναχρονισμοῦ
579 4162 742 4236 εὐμεθόδου,

284 4253 308 4321 ²)
343 4253 377 4308 of.
403 4253 494 4307 Schol.
518 4254 536 4306 l.
560 4255 579 4306 l.
615 4253 742 4322 Apollod.
768 4252 802 4321 11,
827 4254 853 4322 8,
875 4257 900 4306 4.
938 4253 1018 4305 Paus.
1037 4251 1083 4321 IV,
1112 4253 1136 4319 3,
1162 4254 1186 4304 3.
1222 4251 1318 4321 Eurip.

210 4341 288 4410 apud
304 4341 468 4396 Strabonem
486 4358 514 4410 p.
533 4341 593 4394 366.
628 4341 757 4408 Polyaen.
775 4340 895 4411 Strateg.
910 4341 931 4409 Ι,
951 4344 977 4396 6.
1252 4349 1253 4352 ’

283 4427 307 4497 ³)
342 4427 565 4495 sesecundum
589 4434 715 4483 veterum
738 4429 969 4499 chronologorum
993 4428 1114 4482 rationes
1139 4429 1174 4483 ab
1192 4427 1318 4482 Clintone

1073 4527 1089 4576 2
