3334 5217
862 517 903 592 38

828 833 857 911 ς.
884 830 932 893 10.

413 1033 446 1100 Si
467 1031 596 1115 quidem
617 1032 651 1094 in
676 1031 725 1106 iis,
748 1049 830 1112 quae
852 1027 1054 1106 antecedunt,
1078 1029 1268 1112 Sophoclem
1289 1032 1437 1099 heroicae

328 1136 445 1203 aetatis
463 1134 587 1217 imperii
608 1132 743 1197 formam
766 1130 939 1194 secundum
968 1131 1016 1194 sui
1044 1131 1143 1214 ipsius
1172 1154 1362 1217 suorumque
1392 1138 1438 1201 ci-

327 1240 412 1304 vium
431 1236 598 1322 judicandi
619 1255 764 1299 normam
786 1232 990 1314 descripsisse
1012 1232 1158 1310 vidimus,
1180 1235 1309 1300 minime
1330 1243 1436 1318 potest

329 1340 495 1415 offendere,
517 1336 603 1420 quod
616 1336 701 1401 idem
715 1329 796 1398 mira
818 1333 957 1417 quadam
978 1356 1084 1398 rerum
1106 1339 1138 1399 et
1159 1340 1336 1418 temporum
1360 1360 1437 1403 eon·

225 1456 230 1467 '
328 1444 450 1510 fusione
465 1463 535 1506 eam
549 1443 748 1522 potestatem,
771 1437 907 1519 quaein
929 1436 1030 1500 libera
1052 1436 1119 1520 ejus
1137 1439 1250 1502 aetatis
1272 1439 1436 1523 republica

328 1544 446 1629 populo
476 1547 545 1607 erat
573 1560 739 1617 concessa,
769 1539 839 1622 jam
868 1539 901 1602 in
931 1538 1062 1602 heroum
1089 1543 1233 1623 tempora
1260 1525 1435 1608 transtulit.

327 1647 440 1728 ltaque
472 1641 705 1727 quodammodo
737 1640 910 1704 absurdum
940 1639 1031 1704 nobis
1063 1646 1168 1723 potest
1199 1642 1315 1732 videri,
1350 1645 1437 1726 quod

327 1755 421 1833 poeta
443 1745 598 1828 Oedipum
618 1744 652 1808 in
673 1741 748 1807 Oed.
772 1740 839 1805 001.
862 1764 890 1806 v.
907 1743 949 1805 66
971 1742 1012 1806 ad
1035 1749 1154 1807 terram
1176 1743 1314 1809 Atticam
1336 1746 1436 1828 respi-

329 1851 477 1925 cientem,
501 1851 704 1928 quaerentem
726 1844 821 1909 facit:

458 1941 547 2033 ἄρχει
568 1971 620 2024 τις
641 1939 749 2009 αὐτῶν
770 1937 792 2031 ἢ
812 1941 873 2008 ἐπὶ
893 1949 940 2030 τῷ
962 1940 1090 2032 πλήθει
1112 1942 1248 2031 epulans,-

327 2053 436 2118 Talem
465 2051 549 2116 enim
577 2047 823 2132 rempublicam,
856 2048 889 2111 in
918 2069 982 2130 qua
1004 2067 1127 2114 summa
1148 2070 1255 2113 rerum
1278 2051 1318 2113 sit
1337 2071 1436 2134 penes

327 2154 488 2239 populum,
510 2151 655 2216 heroicae
676 2150 775 2214 aetati
796 2169 926 2231 prorsus
948 2171 1017 2215 esse
1031 2151 1183 2233 ignotam,
1205 2172 1270 2216 non
1285 2157 1333 2217 est
1348 2154 1437 2234 quod

327 2257 434 2352 multis
457 2253 638 2330 ostendam3
673 2253 751 2315 satis
780 2251 822 2314 sit
849 2272 902 2328 ea,
938 2271 1020 2332 quae
1041 2274 1138 2336 supra
1160 2253 1198 2318 de
1221 2254 1347 2319 civitate
1370 2255 1437 2320 Ho-

326 2359 443 2423 merica
466 2356 686 2430 disseruimus,
709 2372 858 2416 revocare
886 2354 920 2416 in
942 2358 1136 2418 memoriam.
1188 2355 1305 2422 Similis
1327 2363 1437 2422 autem

327 2461 361 2525 in
382 2459 545 2542 republica
566 2455 706 2541 gerendo
727 2455 902 2520 auotoritas
923 2455 1041 2539 populo
1059 2456 1210 2521 tribuitur
1224 2458 1287 2523 illis
1298 2458 1438 2524 Haemo-

327 2563 376 2628 nis
397 2561 517 2637 verbis,
554 2559 609 2641 qui
631 2558 759 2622 omnino
780 2562 945 2639 tamquam
967 2559 1134 2640 potestatis
1156 2560 1266 2642 populi
1288 2560 1439 2627 defensor
1568 2541 1569 2566 ³

325 2665 410 2748 patri
432 2663 623 2728 dominatori
644 2682 665 2725 a
685 2665 781 2742 poeta
802 2665 851 2724 est
873 2661 1053 2742 oppositus;
1085 2660 1125 2724 cf.
1148 2660 1221 2724 Ant.
1247 2661 1327 2727 733:

453 2757 491 2828 cii
513 2784 595 2848 φησι
620 2757 731 2849 Θήβης
751 2753 844 2846 τῆσδ’
866 2755 1051 2842 ὁμόπτολις
1072 2758 1162 2840 λεώς.

326 2891 354 2933 v.
379 2865 459 2930 737:

454 2963 554 3044 πόλις
575 2964 635 3050 γὰρ
659 2960 717 3030 οὐκ
740 2959 824 3046 ἔσθ’,
848 2963 920 3053 ἥτις
942 2960 1060 3048 α’νὸρός
1081 2961 1156 3032 ἐσθ’
1178 2962 1258 3044 ἑνός.

328 3073 383 3136 vel
403 3072 452 3149 iis,
474 3090 556 3153 quae
578 3068 706 3134 Creonti
726 3071 937 3155 interroganti
958 3093 986 3135 v.
1013 3068 1092 3133 738:

454 3168 493 3235 ου’
514 3175 575 3235 τοῦ
596 3175 792 3257 κρατοῦντος
813 3167 832 3259 ἡ
855 3169 955 3250 πόλις
976 3167 1161 3254 ιομίζεται,·

327 3276 411 3341 idom
433 3273 603 3357 respondet
624 3296 652 3338 u.
678 3273 756 3337 739:
889 3341 890 3344 Ἴ

455 3375 563 3452 καλῶς
584 3371 703 3461 ἐρήμης
722 3368 751 3458 γ’
763 3366 802 3439 dv
825 3371 863 3440 ol
887 3379 945 3464 γῆς
966 3370 1076 3462 ἄρχοις
1096 3371 1204 3458 μόνος.

329 3482 432 3562 Atque
460 3477 576 3544 mirum
605 3477 638 3541 in
665 3477 794 3542 modum
824 3477 990 3545 Creontem
1019 3499 1056 3544 ea
1084 3477 1190 3545 officia
1214 3478 1274 3544 sibi
1294 3479 1442 3546 videmus

327 3583 505 3667 injungere,
536 3599 617 3659 quae
638 3600 703 3642 non
725 3585 799 3645 sunt
819 3581 962 3664 tyranni,
992 3580 1048 3646 scd
1069 3582 1153 3665 ejus,
1176 3582 1231 3664 qui
1252 3576 1295 3644 ad
1316 3581 1442 3648 liberae

327 3681 518 3767 reipublicae
546 3679 762 3763 gubernacula
790 3680 895 3762 sedet,
928 3706 999 3748 cum
1027 3683 1103 3748 Oed.
1125 3681 1191 3748 Col.
1214 3682 1276 3746 849
1298 3687 1369 3766 sqq.
1399 3685 1443 3750 de

329 3808 362 3851 se
383 3786 452 3869 ipso
474 3781 677 3868 profiteatur:

846 3878 917 3950 ἀλλ’
939 3883 1014 3951 ἐπεὶ
1036 3889 1129 3951 νικᾶν
1147 3883 1261 3964 θέλεις

460 3981 606 4068 πατρίδα
626 4010 663 4051 τε
683 3981 743 4073 τὴν
766 3982 825 4073 σὴν
847 3983 902 4050 καὶ
925 3983 1050 4073 φίλους,
1071 3981 1128 4073 ὑφ’
1150 3977 1195 4052 ὧν
1216 3983 1279 4071 ἐγώ

456 4085 594 4168 ταχθεὶς
613 4081 686 4152 τάδ’
707 4083 799 4174 ἔρδω,
820 4084 878 4151 καὶ
899 4084 1052 4172 τύραννος
1073 4081 1117 4152 ὢν
1139 4083 1236 4170 ὅμως.

333 4190 376 4255 Et
395 4189 521 4255 Ismene
544 4212 686 4274 quoque,
715 4211 909 4273 quamquam
931 4212 969 4255 ex
990 4193 1077 4274 regia
1099 4191 1196 4272 stirpe
1218 4195 1295 4254 nata
1314 4194 1379 4268 est,
1403 4212 1446 4257 ea

331 4314 412 4376 quae
433 4293 503 4375 ipsa
524 4293 618 4370 facit,
651 4292 691 4357 ad
714 4293 909 4358 voluntatem
932 4293 1047 4358 civium
1068 4291 1307 4358 accommodare
1331 4312 1365 4356 se
1389 4293 1443 4359 af-

330 4393 452 4472 firmat3
475 4395 514 4458 cf.
537 4416 565 4459 v.
590 4394 647 4461 78:

310 4849 407 4965 Ι,
