3334 5217
795 477 837 541 47

262 664 411 730 lictorum
426 665 598 740 vindictam
622 666 827 749 susciperent,
850 665 905 730 sed
928 665 1053 748 cognati
1075 671 1107 729 et
1128 664 1248 728 familia
1269 664 1370 728 homi-

263 768 313 831 nis
351 766 509 832 interfecti
545 767 698 833 ultionem
734 773 998 850 persequerentur
1035 766 1090 851 (cf.
1123 766 1207 831 inira
1239 770 1268 847 ξ.
1293 765 1367 845 17.).

264 868 365 945 Quam
380 869 502 934 obrem
524 870 616 934 nobis
637 871 752 934 mirum
774 869 1007 951 quodammodo
1030 874 1134 952 potest
1152 869 1261 946 videri,
1284 869 1368 951 quod

263 993 284 1036 a
303 972 461 1037 veteribus
483 971 690 1054 scriptoribus
713 971 874 1055 proditum
891 977 947 1048 est,
966 972 1035 1054 jam
1050 971 1275 1053 antiquissimis
1289 976 1369 1034 tem-

263 1074 392 1155 poribus
414 1074 547 1138 Athenis
569 1074 724 1158 judicium
745 1073 825 1138 illud
843 1074 999 1156 Areopagi
1021 1073 1186 1151 exstitisse,
1209 1072 1298 1155 cujus
1320 1093 1370 1136 re·

262 1197 334 1242 rum
355 1177 540 1259 capitalium
562 1173 666 1260 (δικαὶ
688 1171 835 1263 φονικαί)
858 1175 968 1239 fuisset
985 1175 1164 1258 jurisdictio
1183 1179 1217 1248 ¹).
1273 1173 1370 1250 Quid-

263 1278 340 1360 quid
361 1277 422 1341 hac
443 1278 483 1343 de
504 1300 539 1343 re
562 1280 743 1357 statuimus
764 1300 830 1343 non
850 1277 982 1341 dubium
1003 1284 1067 1356 est,
1089 1277 1166 1358 quin
1188 1275 1369 1359 Sophocles,

263 1379 528 1462 quemadmodum
556 1381 590 1444 in
619 1380 694 1445 Oed.
719 1380 784 1445 Col.
806 1405 835 1446 v.
859 1380 920 1444 947
945 1399 1013 1460 sqq.
1044 1380 1112 1462 ejus
1141 1379 1216 1443 fecit
1236 1379 1370 1442 mentio-

264 1502 353 1558 nem,
387 1482 437 1545 sui
463 1483 562 1565 ipsius
584 1485 734 1565 temporis
757 1490 876 1548 statum
898 1481 959 1546 sibi
979 1482 1180 1564 proposuerit
1200 1486 1274 1544 ante
1296 1500 1371 1544 ocu-

264 1583 313 1647 los
320 1611 329 1662 ;
359 1583 414 1648 ubi
436 1583 603 1648 Creontem
625 1585 870 1668 exprobrantem
891 1584 969 1648 facit
989 1583 1125 1649 Theseo:

393 1689 544 1750 comitor
566 1682 679 1764 αὐτοῖς
689 1680 806 1772 Ἄρεος
827 1679 982 1770 εὔβουλον
1005 1680 1112 1768 πάγον

393 1784 455 1872 ἐγὼ
477 1785 592 1876 ξονῄδη
613 1786 750 1871 χθόνιον
770 1782 854 1868 ὄνθ’,
878 1779 915 1865 ὃς
938 1781 997 1851 οδκ
1019 1785 1058 1873 ἑᾷ

390 1884 536 1955 τοιούσδ’
557 1887 679 1977 α’λήτας
699 1885 771 1979 τῇδ)
792 1885 877 1972 ὁμοῦ
898 1886 1000 1954 ναίειν
1022 1886 1130 1955 πόλει.

265 1992 352 2068 Quae
372 1992 470 2056 verba
492 2014 529 2056 eo
551 2001 704 2077 spectant,
727 1993 812 2076 quod
833 2015 930 2076 penes
944 1992 1145 2074 Areopagum
1159 2012 1282 2056 morum
1297 2012 1369 2056 cen-

262 2113 341 2158 eura
362 2093 431 2157 fuit.
476 2093 567 2159 Hanc
597 2102 704 2160 autem
734 2098 763 2161 ei
790 2118 811 2161 a
831 2096 947 2162 Solone
969 2095 1095 2159 demum
1116 2093 1270 2158 tributam
1292 2113 1367 2171 esse,

263 2195 358 2259 certis
380 2197 568 2261 testimoniis
591 2204 716 2262 constat
731 2201 769 2279 2).

765 2470 794 2546 s.
820 2468 868 2560 re.

347 2629 392 2694 Ut
411 2629 481 2712 jam
502 2628 545 2692 ad
566 2627 723 2691 rationem
742 2625 856 2709 judicii
877 2624 1063 2690 instituendi
1085 2628 1288 2710 accedamus,
1311 2651 1369 2694 no-

265 2733 315 2796 bis
337 2731 368 2795 h.
392 2731 412 2794 l.
436 2730 470 2793 id
490 2731 627 2794 maxime
648 2729 774 2794 videtur
794 2728 1042 2810 respiciendum,
1064 2730 1222 2811 quomodo
1245 2739 1371 2797 senten-

259 2836 326 2898 tiae
348 2833 423 2896 ferri
446 2833 558 2896 solitae
580 2832 706 2896 fuerint.
766 2830 859 2907 Quod
881 2831 1010 2895 heroica
1033 2838 1137 2896 aetate
1159 2840 1228 2898 erat
1250 2835 1369 2917 simpli·

261 2935 439 3014 cissimum‚
470 2955 567 3015 quum
594 2933 710 3016 singuli
735 2935 874 3016 judiceS‚
905 2933 982 3013 quid
1011 2933 1050 2998 de
1072 2955 1107 2998 re
1127 2935 1234 3019 injus
1256 2943 1368 3002 vocata

261 3042 443 3115 censerent,
477 3035 623 3118 deinceps
651 3036 839 3118 proferrent.
889 3033 1043 3099 Dilucidis
1066 3036 1126 3101 hoc
1147 3039 1251 3103 verbis
1271 3039 1308 3103 Il.
1331 3041 1366 3118 Σ,

260 3139 327 3202 506
348 3139 522 3204 indicatum
544 3144 607 3216 est,
630 3138 684 3202 ubi
706 3138 858 3220 legimus:

390 3245 497 3306 τοῖσιν
519 3239 600 3325 (scil.
614 3243 686 3317 τοῖς
705 3237 899 3328 σκήπτροις)
921 3234 1025 3306 ἔπειτ’
1045 3235 1171 3328 ἤϊσσον,
1194 3236 1369 3330 ἀμοιβηδὶς

493 3342 529 3408 δὲ
550 3338 690 3422 δίκαζον.

335 3650 355 3716 ¹)
391 3648 426 3702 cf.
444 3649 585 3700 Demostb.
603 3649 664 3701 adv.
681 3649 814 3702 Aristocr.
833 3648 857 3718 ξ.
876 3651 923 3702 24ε
944 3646 1063 3709 δικάζειν
1082 3649 1113 3702 δὲ
1132 3646 1182 3717 τὴν
1199 3647 1299 3717 βουλὴν
1317 3646 1367 3706 τὴν

157 3787 167 3801 x
260 3738 293 3790 ἐν
309 3735 399 3806 Ἀρείῳ
421 3732 503 3805 πάγῳ
526 3731 614 3803 φόνου
638 3737 685 3786 καὶ
702 3731 857 3806 τραύματος
875 3735 905 3787 ἐκ
924 3740 1071 3807 προνοίας,
1101 3739 1148 3790 καὶ
1166 3741 1301 3808 πνρκαιιῖς
1320 3740 1367 3789 καὶ

261 3818 425 3894 φαρμάκων,
444 3819 493 3877 ἐάν
510 3839 551 3880 τις
568 3820 716 3894 ἀποκτείνῃ
735 3818 808 3880 δούς.
844 3823 989 3891 Meursius,
1009 3841 1135 3893 areopag.
1149 3825 1209 3879 init.
1222 3826 1365 3892 Matthiae,

260 3913 297 3973 de
311 3912 423 3980 judiciis
441 3911 651 3984 Atheniensium
670 3928 697 3979 p.
718 3913 767 3962 142
785 3927 844 3978 sqq.
868 3911 906 3979 (in
928 3911 1079 3965 miscellan.
1098 3911 1230 3982 philolog.
1253 3913 1365 3966 Altenb.

264 3999 352 4066 1808).
388 3999 473 4051 Meier
491 4003 519 4051 et
536 3998 699 4065 Schemann,
719 4001 769 4050 att.
787 3997 901 4050 Process
918 4014 945 4065 p.
961 3999 992 4050 10
1011 4015 1034 4052 c.
1053 4017 1079 4052 n.
1101 4001 1140 4051 13.

331 4086 353 4152 2)
389 4085 424 4139 cf.
442 4087 512 4138 Plut.
528 4085 586 4153 Sol.
605 4085 633 4138 O.
654 4086 698 4137 19:
729 4079 780 4149 τὴν
802 4078 859 4135 ἄνω
882 4078 983 4149 peritas
1005 4085 1074 4154 (scil.
1094 4081 1144 4150 τὴν
1161 4087 1210 4136 τοῦ
1225 4081 1367 4155 hortonel-

260 4172 324 4243 μου)
344 4172 501 4224 ἐπίσκοπον
513 4168 624 4222 πάντων
641 4173 687 4222 καὶ
707 4167 816 4240 φύλακα
834 4175 889 4222 τῶν
906 4167 999 4240 νόμων
1018 4169 1155 4225 ἐκάθισεν.
1192 4172 1230 4226 cf.
1245 4173 1309 4241 Cep.
1323 4175 1365 4225 22.

259 4262 375 4314 Isocret.
400 4263 499 4328 Areop.
524 4259 548 4328 ξ.
567 4258 610 4312 37.
645 4259 813 4325 Schiimann,
841 4260 934 4326 Antiq.
951 4260 1006 4328 jur.
1024 4260 1100 4327 publ.
1123 4277 1150 4328 p.
1171 4260 1232 4313 300.
1274 4260 1301 4313 C.
1320 4259 1365 4312 Fr.

260 4348 411 4416 Hermann,
430 4347 539 4400 Griech.
558 4346 783 4400 Stante-Alterth.
806 4347 863 4413 109,
886 4347 926 4399 10.
