3334 5217
826 478 871 542 44

425 667 489 744 οὖν,
513 659 543 730 d’
563 660 698 751 ὕστερον
719 663 779 753 γὰρ
801 659 896 733 α’σιί
906 693 923 746 ς
942 662 1001 746 εἰς
1022 660 1167 744 devote
1188 667 1299 747 τελῶ,

426 762 503 848 ὑμῖν
521 772 687 855 προφωνῶ
708 773 794 835 πᾶσι
817 766 1106 852 Καδμείοιςιάδε.

299 869 391 947 Quod
412 871 454 936 ad
477 871 662 936 dictionem:
696 872 801 937 τελεῖν
822 868 871 950 εἰς
892 867 1012 951 οἰστοὺς
1032 874 1163 953 attinet,
1196 896 1234 939 ea
1256 895 1319 938 non
1341 877 1403 940 mi-

298 993 359 1037 nus
387 993 484 1054 quam
511 973 701 1037 vocabulum
730 968 879 1061 ἰσοτελής
900 975 942 1040 ad
963 976 1088 1041 Solonis
1109 977 1189 1040 illud
1210 977 1399 1054 institutum,

298 1094 361 1156 quo
384 1075 512 1154 civibus,
540 1076 574 1139 in
602 1076 742 1158 singulas
763 1077 880 1141 classes
902 1078 1086 1156 distributis,
1108 1084 1195 1143 certa
1216 1101 1347 1144 munera
1368 1085 1403 1145 et

297 1177 464 1260 vectigalia
486 1184 578 1241 erant
598 1179 760 1261 impositu,
781 1179 906 1246 videtur
927 1186 1070 1263 spectare
1089 1182 1124 1265 ¹).
1170 1181 1272 1258 Quum
1293 1188 1402 1247 autem

299 1279 435 1361 Oedipus
457 1279 605 1361 inquilini
627 1281 859 1361 quodammodo
881 1303 1048 1364 personam
1070 1288 1160 1366 gerat
1179 1283 1235 1367 (cf.
1243 1283 1318 1348 Oed.
1327 1283 1400 1368 Tyr.

296 1404 324 1444 v.
342 1382 430 1464 452),
452 1381 624 1465 Sophocles
647 1383 680 1446 in
695 1384 809 1448 civium
831 1406 996 1448 numerum
1018 1391 1113 1467 atque
1134 1385 1168 1450 in
1190 1407 1297 1468 parem
1317 1387 1402 1471 juris

298 1484 510 1550 conditionem
537 1506 607 1550 eum
636 1491 798 1569 receptum
819 1509 886 1552 esse
909 1487 972 1551 illis
993 1487 1097 1552 vorbis
1120 1487 1223 1553 dicere
1244 1488 1343 1552 voluit
1360 1491 1401 1572 2).

743 1785 770 1835 3.
808 1783 853 1835 De
870 1783 964 1836 serris.

796 2013 825 2091 §-
851 2009 899 2073 14.

381 2176 474 2254 Quod
495 2197 592 2258 supra
612 2174 748 2239 diximus
771 2173 810 2240 de
831 2173 1010 2255 inquilinis,
1032 2197 1097 2239 non
1118 2175 1243 2240 licuisse
1263 2177 1319 2254 iis,
1342 2199 1404 2242 sua

295 2281 436 2363 ipsorum
456 2279 523 2343 vice
544 2278 642 2362 fungi,
665 2284 697 2342 et
717 2277 844 2340 minime
867 2276 994 2357 quidem
1016 2278 1049 2340 in
1068 2277 1206 2360 judiciis,
1233 2278 1293 2343 hoc
1315 2279 1403 2344 idem

295 2383 338 2447 ad
360 2403 465 2447 servos
487 2385 620 2463 spectat,
642 2381 696 2462 qui
718 2400 815 2460 quum
831 2377 1031 2441 dominorum
1053 2401 1183 2461 prorsus
1205 2380 1404 2446 haberentur

294 2485 430 2568 proprii,
462 2504 575 2548 causas
601 2503 674 2546 suas
701 2481 744 2545 ad
765 2481 824 2544 hos
845 2485 881 2543 ut
903 2479 1019 2544 liberos
1041 2481 1163 2546 deferre
1186 2481 1343 2546 debebant
1358 2485 1400 2567 3).

294 2587 397 2668 Atque
428 2585 489 2650 hoo
511 2584 676 2667 Sophoclis
705 2603 830 2665 quoque
856 2583 1036 2647 testimonio
1059 2582 1281 2662 confirmatur,
1313 2584 1403 2666 quod

293 2691 375 2753 inest
396 2690 429 2752 in
450 2686 553 2751 verbis
574 2686 638 2750 illis
659 2686 709 2769 Aj.
734 2685 816 2747 1259
840 2705 907 2766 sqq.
948 2687 951 2700 '

750 2779 788 2850 οὐ
810 2781 931 2867 μαθών
953 2777 989 2863 ὃς
1011 2778 1040 2851 εἶ
1062 2784 1161 2875 φύσιν

423 2884 522 2956 ἄλλον
542 2883 602 2954 τιν’
623 2882 710 2970 ἔξεις
732 2880 832 2973 ἄνδρα
855 2881 937 2974 δεῦρ’
960 2887 1141 2975 ἐλεύθερον,

422 2989 514 3071 ὅστις
535 2990 620 3078 πρὸς
641 2987 726 3079 ἡμᾶς
746 2985 820 3055 ἀντὶ
845 2995 904 3056 σοῦ
926 2991 1010 3072 λέξει
1031 2989 1073 3056 τὰ
1096 2990 1153 3073 σά,·

293 3099 407 3182 quibus
429 3097 646 3181 Agamemnon
661 3094 825 3173 Teucrum,
848 3101 949 3159 matre
970 3094 1108 3160 barbara
1130 3100 1255 3181 captiva
1276 3105 1403 3179 natum,

293 3201 393 3266 libero
414 3207 560 3283 patrone,
582 3199 637 3281 qui
657 3198 755 3262 verba
774 3217 833 3280 pro
856 3219 893 3261 eo
914 3197 1020 3276 faciat,
1040 3199 1134 3282 jubet
1154 3203 1217 3280 uti3
1239 3203 1277 3266 cf.
1294 3209 1400 3287 tragg.

294 3304 386 3386 frgm.
408 3303 515 3384 adesp.
538 3302 618 3373 246:

422 3405 538 3481 δοῦλος
559 3404 723 3489 πέφυκας,
748 3394 786 3467 οὗ
807 3398 942 3485 μέτεστί
964 3424 1018 3467 σοι
1039 3400 1144 3488 λόγου.

293 3509 402 3591 Neque
422 3529 496 3572 vero
518 3507 650 3573 heroum
670 3512 775 3572 aetate
795 3527 957 3571 servorum
972 3506 1109 3571 conditio
1131 3507 1313 3591 hujusmodi
1334 3515 1403 3575 ter-

367 3771 389 3834 1)
425 3767 461 3822 cf.
478 3767 596 3835 Boeckh,
622 3767 640 3819 l.
658 3767 677 3821 l.
701 3767 723 3835 Ι,
741 3784 768 3836 p.
787 3769 848 3820 651.
884 3766 973 3835 Papo,
1002 3766 1110 3821 Griech.
1127 3766 1313 3821 Wdrterhuch
1331 3787 1353 3822 s.
1373 3789 1400 3825 v.

292 3859 386 3911 τελεῖν.

364 3946 387 4013 ²)
421 3943 566 4012 Ejusmodi
583 3943 690 4011 aliquid
707 3943 792 3995 etiam
804 3942 966 3996 scholiastes
978 3942 1080 3996 vidisse
1092 3942 1231 4010 putandus
1243 3945 1293 4010 est,
1312 3960 1402 4012 quum

294 4035 331 4087 ad
348 4034 367 4086 l.
386 4033 405 4085 l.
424 4032 611 4085 adnotaverit:
634 4034 783 4100 μεταφέρει
800 4025 858 4080 ἀπὸ
878 4033 932 4080 τῶν
950 4031 980 4082 ἐν
995 4033 1055 4086 ταῖς
1073 4025 1170 4081 πόλεσι
1188 4029 1270 4086 ξένων
1287 4026 1403 4082 τελούν-

294 4139 348 4174 των
366 4123 400 4193 τῇ
416 4122 550 4190 μετοικίᾳ.
591 4118 686 4184 Quoad
708 4119 781 4171 enim
805 4118 934 4186 inquilini
952 4118 981 4168 in
999 4117 1100 4170 civium
1121 4133 1265 4170 numerum
1283 4135 1338 4169 non
1356 4136 1402 4174 re·

293 4210 345 4263 lati
362 4211 462 4275 essent,
481 4210 589 4260 certum
606 4205 641 4258 iis
657 4206 793 4258 tributum
811 4204 972 4274 (μετοίκιον)
991 4205 1019 4256 iu
1036 4204 1172 4257 aerarium
1183 4204 1325 4272 publicum
1337 4211 1403 4262 erat

293 4297 464 4350 solvendum.
491 4293 527 4348 cf.
544 4293 708 4362 Harpocrat.
726 4311 748 4345 s.
765 4311 791 4346 v.
808 4296 941 4362 μέτοικοι,
976 4291 1088 4346 Boeckh
1106 4293 1123 4345 l.
1143 4292 1162 4345 l.
1180 4292 1201 4356 Ι,
1220 4307 1248 4359 p.
1265 4294 1317 4344 445
1337 4309 1400 4362 sqq.

363 4383 387 4451 ³)
422 4381 458 4437 cf.
476 4382 640 4451 Harpocrat.
657 4398 679 4434 s.
697 4398 722 4434 v-
740 4382 874 4449 μέτοικοι.
907 4379 1026 4448 Boeckh,
1046 4380 1063 4432 l.
1082 4379 1100 4432 l.
1118 4379 1139 4447 Ι,
1157 4392 1185 4446 p.
1204 4381 1256 4430 445
1275 4395 1335 4447 sqq.
