<?xml version="1.0" encoding="UTF-8"?>
<!DOCTYPE html PUBLIC "-//W3C//DTD XHTML 1.0 Transitional//EN"
    "http://www.w3.org/TR/xhtml1/DTD/xhtml1-transitional.dtd">
<html xmlns="http://www.w3.org/1999/xhtml" xml:lang="en" lang="en">
 <head>
  <title>
</title>
<meta http-equiv="Content-Type" content="text/html;charset=utf-8" />
  <meta name='ocr-system' content='tesseract 3.04.00' />
  <meta name='ocr-capabilities' content='ocr_page ocr_carea ocr_par ocr_line ocrx_word'/>
</head>
<body>
  <div class='ocr_page' id='page_1' title='image "./sophoclesquomod00goecgoog_0024.png"; bbox 0 0 3334 5217; ppageno 0'>
   <div class='ocr_carea' id='block_1_1' title="bbox 875 531 919 596">
    <p class='ocr_par' dir='ltr' id='par_1_1' title="bbox 875 531 919 596">
     <span class='ocr_line' id='line_1_1' title="bbox 875 531 919 596; baseline 0 0"><span class='ocrx_word' id='word_1_1' title='bbox 875 531 919 596; x_wconf 76' lang='lat'><strong>20</strong></span> 
     </span>
    </p>
   </div>
   <div class='ocr_carea' id='block_1_2' title="bbox 339 717 1564 3568">
    <p class='ocr_par' dir='ltr' id='par_1_2' title="bbox 339 717 1564 3568">
     <span class='ocr_line' id='line_1_2' title="bbox 344 717 1451 803; baseline 0.001 -18"><span class='ocrx_word' id='word_1_2' title='bbox 344 742 419 787; x_wconf 78' lang='lat' dir='ltr'><strong>vero</strong></span> <span class='ocrx_word' id='word_1_3' title='bbox 441 741 507 787; x_wconf 88' lang='lat' dir='ltr'><strong>non</strong></span> <span class='ocrx_word' id='word_1_4' title='bbox 527 726 595 792; x_wconf 84' lang='lat' dir='ltr'><strong>tam</strong></span> <span class='ocrx_word' id='word_1_5' title='bbox 616 741 657 786; x_wconf 83' lang='lat' dir='ltr'><strong>ex</strong></span> <span class='ocrx_word' id='word_1_6' title='bbox 677 718 804 789; x_wconf 84' lang='lat' dir='ltr'><strong>disertis</strong></span> <span class='ocrx_word' id='word_1_7' title='bbox 824 720 892 803; x_wconf 89' lang='lat' dir='ltr'><strong>ejus</strong></span> <span class='ocrx_word' id='word_1_8' title='bbox 914 717 1035 794; x_wconf 83' lang='lat' dir='ltr'><strong>verbis,</strong></span> <span class='ocrx_word' id='word_1_9' title='bbox 1069 738 1166 799; x_wconf 89' lang='lat' dir='ltr'><strong>quam</strong></span> <span class='ocrx_word' id='word_1_10' title='bbox 1191 739 1230 784; x_wconf 79' lang='lat' dir='ltr'><strong>ex</strong></span> <span class='ocrx_word' id='word_1_11' title='bbox 1257 719 1381 788; x_wconf 87' lang='lat' dir='ltr'><strong>ratione</strong></span> <span class='ocrx_word' id='word_1_12' title='bbox 1403 739 1451 796; x_wconf 87' lang='lat' dir='ltr'><strong>ea,</strong></span> 
     </span>
     <span class='ocr_line' id='line_1_3' title="bbox 346 805 1508 905; baseline 0 -18"><span class='ocrx_word' id='word_1_13' title='bbox 346 844 410 905; x_wconf 89' lang='lat' dir='ltr'><strong>qua</strong></span> <span class='ocrx_word' id='word_1_14' title='bbox 431 843 583 905; x_wconf 81' lang='lat' dir='ltr'><strong>personas</strong></span> <span class='ocrx_word' id='word_1_15' title='bbox 604 823 758 904; x_wconf 87' lang='lat' dir='ltr'><strong>quasdam</strong></span> <span class='ocrx_word' id='word_1_16' title='bbox 782 823 816 886; x_wconf 92' lang='lat' dir='ltr'><strong>in</strong></span> <span class='ocrx_word' id='word_1_17' title='bbox 838 841 965 886; x_wconf 87' lang='lat' dir='ltr'><strong>scenam</strong></span> <span class='ocrx_word' id='word_1_18' title='bbox 983 818 1155 902; x_wconf 86' lang='lat' dir='ltr'><strong>productas</strong></span> <span class='ocrx_word' id='word_1_19' title='bbox 1170 819 1329 898; x_wconf 79' lang='lat' dir='ltr'><strong>describit,</strong></span> <span class='ocrx_word' id='word_1_20' title='bbox 1352 820 1451 888; x_wconf 88' lang='lat' dir='ltr'><strong>dedu·</strong></span> <span class='ocrx_word' id='word_1_21' title='bbox 1505 805 1508 810; x_wconf 38' lang='lat'>¹</span> 
     </span>
     <span class='ocr_line' id='line_1_4' title="bbox 345 921 1451 1005; baseline -0.001 -13"><span class='ocrx_word' id='word_1_22' title='bbox 345 925 446 992; x_wconf 82' lang='lat' dir='ltr'><strong>canda</strong></span> <span class='ocrx_word' id='word_1_23' title='bbox 467 931 523 991; x_wconf 85' lang='lat' dir='ltr'><strong>est.</strong></span> <span class='ocrx_word' id='word_1_24' title='bbox 567 924 633 994; x_wconf 90' lang='lat' dir='ltr'><strong>Nec</strong></span> <span class='ocrx_word' id='word_1_25' title='bbox 654 946 729 988; x_wconf 87' lang='lat' dir='ltr'><strong>vero</strong></span> <span class='ocrx_word' id='word_1_26' title='bbox 749 924 862 1000; x_wconf 86' lang='lat' dir='ltr'><strong>ullum,</strong></span> <span class='ocrx_word' id='word_1_27' title='bbox 883 923 911 986; x_wconf 93' lang='lat' dir='ltr'><strong>si</strong></span> <span class='ocrx_word' id='word_1_28' title='bbox 933 922 1003 1005; x_wconf 85' lang='lat' dir='ltr'><strong>quis</strong></span> <span class='ocrx_word' id='word_1_29' title='bbox 1024 921 1066 986; x_wconf 92' lang='lat' dir='ltr'><strong>ad</strong></span> <span class='ocrx_word' id='word_1_30' title='bbox 1085 922 1216 1005; x_wconf 86' lang='lat' dir='ltr'><strong>Ajacem</strong></span> <span class='ocrx_word' id='word_1_31' title='bbox 1237 922 1380 988; x_wconf 87' lang='lat' dir='ltr'><strong>fabulam</strong></span> <span class='ocrx_word' id='word_1_32' title='bbox 1401 925 1451 991; x_wconf 87' lang='lat' dir='ltr'><strong>in-</strong></span> 
     </span>
     <span class='ocr_line' id='line_1_5' title="bbox 343 1023 1451 1110; baseline -0.005 -14"><span class='ocrx_word' id='word_1_33' title='bbox 343 1028 462 1096; x_wconf 80' lang='lat' dir='ltr'><strong>tentius</strong></span> <span class='ocrx_word' id='word_1_34' title='bbox 483 1028 624 1092; x_wconf 88' lang='lat' dir='ltr'><strong>animum</strong></span> <span class='ocrx_word' id='word_1_35' title='bbox 643 1028 790 1105; x_wconf 85' lang='lat' dir='ltr'><strong>advertit,</strong></span> <span class='ocrx_word' id='word_1_36' title='bbox 812 1027 921 1110; x_wconf 80' lang='lat' dir='ltr'><strong>fugero</strong></span> <span class='ocrx_word' id='word_1_37' title='bbox 944 1024 1091 1101; x_wconf 87' lang='lat' dir='ltr'><strong>arbitror,</strong></span> <span class='ocrx_word' id='word_1_38' title='bbox 1123 1023 1208 1106; x_wconf 88' lang='lat' dir='ltr'><strong>quod</strong></span> <span class='ocrx_word' id='word_1_39' title='bbox 1228 1031 1323 1106; x_wconf 84' lang='lat' dir='ltr'><strong>pocta</strong></span> <span class='ocrx_word' id='word_1_40' title='bbox 1344 1026 1451 1108; x_wconf 85' lang='lat' dir='ltr'><strong>singu-</strong></span> 
     </span>
     <span class='ocr_line' id='line_1_6' title="bbox 344 1125 1450 1212; baseline -0.003 -17"><span class='ocrx_word' id='word_1_41' title='bbox 344 1129 444 1201; x_wconf 86' lang='lat' dir='ltr'><strong>larem</strong></span> <span class='ocrx_word' id='word_1_42' title='bbox 466 1129 623 1212; x_wconf 82' lang='lat' dir='ltr'><strong>quendam</strong></span> <span class='ocrx_word' id='word_1_43' title='bbox 646 1151 786 1195; x_wconf 89' lang='lat' dir='ltr'><strong>amorem</strong></span> <span class='ocrx_word' id='word_1_44' title='bbox 808 1134 840 1193; x_wconf 88' lang='lat' dir='ltr'><strong>et</strong></span> <span class='ocrx_word' id='word_1_45' title='bbox 862 1128 1001 1194; x_wconf 89' lang='lat' dir='ltr'><strong>studium</strong></span> <span class='ocrx_word' id='word_1_46' title='bbox 1022 1127 1056 1191; x_wconf 90' lang='lat' dir='ltr'><strong>in</strong></span> <span class='ocrx_word' id='word_1_47' title='bbox 1078 1126 1176 1210; x_wconf 85' lang='lat' dir='ltr'><strong>Ajace</strong></span> <span class='ocrx_word' id='word_1_48' title='bbox 1191 1125 1368 1192; x_wconf 88' lang='lat' dir='ltr'><strong>Telamonis</strong></span> <span class='ocrx_word' id='word_1_49' title='bbox 1383 1126 1450 1192; x_wconf 90' lang='lat' dir='ltr'><strong>filio</strong></span> 
     </span>
     <span class='ocr_line' id='line_1_7' title="bbox 344 1229 1450 1316; baseline -0.004 -18"><span class='ocrx_word' id='word_1_50' title='bbox 344 1232 543 1316; x_wconf 77' lang='lat' dir='ltr'><strong>depingendo</strong></span> <span class='ocrx_word' id='word_1_51' title='bbox 565 1232 711 1299; x_wconf 84' lang='lat' dir='ltr'><strong>ostendit.</strong></span> <span class='ocrx_word' id='word_1_52' title='bbox 755 1232 826 1309; x_wconf 78' lang='lat' dir='ltr'><strong>Qua</strong></span> <span class='ocrx_word' id='word_1_53' title='bbox 840 1232 874 1300; x_wconf 86' lang='lat' dir='ltr'><strong>in</strong></span> <span class='ocrx_word' id='word_1_54' title='bbox 888 1253 923 1298; x_wconf 88' lang='lat' dir='ltr'><strong>re</strong></span> <span class='ocrx_word' id='word_1_55' title='bbox 937 1251 1034 1312; x_wconf 84' lang='lat' dir='ltr'><strong>quum</strong></span> <span class='ocrx_word' id='word_1_56' title='bbox 1050 1229 1197 1312; x_wconf 87' lang='lat' dir='ltr'><strong>populari</strong></span> <span class='ocrx_word' id='word_1_57' title='bbox 1212 1229 1336 1299; x_wconf 86' lang='lat' dir='ltr'><strong>cuidam</strong></span> <span class='ocrx_word' id='word_1_58' title='bbox 1351 1229 1450 1296; x_wconf 87' lang='lat' dir='ltr'><strong>Athe-</strong></span> 
     </span>
     <span class='ocr_line' id='line_1_8' title="bbox 343 1331 1449 1416; baseline -0.002 -15"><span class='ocrx_word' id='word_1_59' title='bbox 343 1336 500 1403; x_wconf 82' lang='lat' dir='ltr'><strong>niensium</strong></span> <span class='ocrx_word' id='word_1_60' title='bbox 521 1334 636 1411; x_wconf 76' lang='lat' dir='ltr'><strong>studio</strong></span> <span class='ocrx_word' id='word_1_61' title='bbox 658 1334 772 1416; x_wconf 77' lang='lat' dir='ltr'><strong>quibus</strong></span> <span class='ocrx_word' id='word_1_62' title='bbox 792 1335 847 1403; x_wconf 83' lang='lat' dir='ltr'><strong>ille</strong></span> <span class='ocrx_word' id='word_1_63' title='bbox 869 1339 905 1402; x_wconf 90' lang='lat' dir='ltr'><strong>ut</strong></span> <span class='ocrx_word' id='word_1_64' title='bbox 926 1333 1019 1399; x_wconf 91' lang='lat' dir='ltr'><strong>heros</strong></span> <span class='ocrx_word' id='word_1_65' title='bbox 1041 1331 1231 1398; x_wconf 82' lang='lat' dir='ltr'><strong>Salaminius</strong></span> <span class='ocrx_word' id='word_1_66' title='bbox 1253 1331 1449 1414; x_wconf 79' lang='lat' dir='ltr'><strong>gratissimus</strong></span> 
     </span>
     <span class='ocr_line' id='line_1_9' title="bbox 344 1433 1449 1517; baseline 0 -13"><span class='ocrx_word' id='word_1_67' title='bbox 344 1442 427 1504; x_wconf 88' lang='lat' dir='ltr'><strong>esset</strong></span> <span class='ocrx_word' id='word_1_68' title='bbox 448 1443 480 1502; x_wconf 88' lang='lat' dir='ltr'><strong>et</strong></span> <span class='ocrx_word' id='word_1_69' title='bbox 501 1437 739 1514; x_wconf 87' lang='lat' dir='ltr'><strong>dilectissimus,</strong></span> <span class='ocrx_word' id='word_1_70' title='bbox 776 1436 824 1514; x_wconf 87' lang='lat' dir='ltr'><strong>(id</strong></span> <span class='ocrx_word' id='word_1_71' title='bbox 846 1434 931 1517; x_wconf 90' lang='lat' dir='ltr'><strong>quod</strong></span> <span class='ocrx_word' id='word_1_72' title='bbox 952 1434 1036 1500; x_wconf 83' lang='lat' dir='ltr'><strong>iufra</strong></span> <span class='ocrx_word' id='word_1_73' title='bbox 1058 1434 1215 1516; x_wconf 82' lang='lat' dir='ltr'><strong>copiosius</strong></span> <span class='ocrx_word' id='word_1_74' title='bbox 1235 1433 1449 1516; x_wconf 78' lang='lat' dir='ltr'><strong>disseremus),</strong></span> 
     </span>
     <span class='ocr_line' id='line_1_10' title="bbox 344 1537 1450 1622; baseline 0 -17"><span class='ocrx_word' id='word_1_75' title='bbox 344 1539 532 1609; x_wconf 80' lang='lat' dir='ltr'><strong>satisfecisse</strong></span> <span class='ocrx_word' id='word_1_76' title='bbox 547 1538 708 1622; x_wconf 90' lang='lat' dir='ltr'><strong>putandus</strong></span> <span class='ocrx_word' id='word_1_77' title='bbox 724 1539 773 1617; x_wconf 87' lang='lat' dir='ltr'><strong>sit,</strong></span> <span class='ocrx_word' id='word_1_78' title='bbox 796 1539 858 1607; x_wconf 89' lang='lat' dir='ltr'><strong>hoc</strong></span> <span class='ocrx_word' id='word_1_79' title='bbox 879 1537 962 1604; x_wconf 88' lang='lat' dir='ltr'><strong>idem</strong></span> <span class='ocrx_word' id='word_1_80' title='bbox 986 1559 1066 1614; x_wconf 87' lang='lat' dir='ltr'><strong>eum,</strong></span> <span class='ocrx_word' id='word_1_81' title='bbox 1089 1537 1232 1618; x_wconf 84' lang='lat' dir='ltr'><strong>quamvis</strong></span> <span class='ocrx_word' id='word_1_82' title='bbox 1256 1537 1450 1605; x_wconf 88' lang='lat' dir='ltr'><strong>contrariam</strong></span> 
     </span>
     <span class='ocr_line' id='line_1_11' title="bbox 343 1637 1451 1726; baseline -0.002 -17"><span class='ocrx_word' id='word_1_83' title='bbox 343 1643 378 1715; x_wconf 83' lang='lat' dir='ltr'><strong>in</strong></span> <span class='ocrx_word' id='word_1_84' title='bbox 398 1648 531 1726; x_wconf 86' lang='lat' dir='ltr'><strong>partem,</strong></span> <span class='ocrx_word' id='word_1_85' title='bbox 553 1643 587 1706; x_wconf 92' lang='lat' dir='ltr'><strong>in</strong></span> <span class='ocrx_word' id='word_1_86' title='bbox 601 1641 786 1706; x_wconf 83' lang='lat' dir='ltr'><strong>Atridarum</strong></span> <span class='ocrx_word' id='word_1_87' title='bbox 800 1641 909 1725; x_wconf 64' lang='lat' dir='ltr'><strong>ajacis</strong></span> <span class='ocrx_word' id='word_1_88' title='bbox 931 1639 1185 1709; x_wconf 87' lang='lat' dir='ltr'><strong>adversariorum</strong></span> <span class='ocrx_word' id='word_1_89' title='bbox 1205 1644 1301 1722; x_wconf 77' lang='lat' dir='ltr'><strong>atquc</strong></span> <span class='ocrx_word' id='word_1_90' title='bbox 1315 1637 1451 1707; x_wconf 83' lang='lat' dir='ltr'><strong>Menelai</strong></span> 
     </span>
     <span class='ocr_line' id='line_1_12' title="bbox 343 1740 1449 1828; baseline -0.005 -14"><span class='ocrx_word' id='word_1_91' title='bbox 343 1745 542 1828; x_wconf 81' lang='lat' dir='ltr'><strong>potissimum</strong></span> <span class='ocrx_word' id='word_1_92' title='bbox 569 1743 712 1813; x_wconf 89' lang='lat' dir='ltr'><strong>moribus</strong></span> <span class='ocrx_word' id='word_1_93' title='bbox 738 1742 954 1811; x_wconf 87' lang='lat' dir='ltr'><strong>describendis</strong></span> <span class='ocrx_word' id='word_1_94' title='bbox 976 1763 1043 1810; x_wconf 87' lang='lat' dir='ltr'><strong>esse</strong></span> <span class='ocrx_word' id='word_1_95' title='bbox 1067 1746 1226 1818; x_wconf 83' lang='lat' dir='ltr'><strong>secutum,</strong></span> <span class='ocrx_word' id='word_1_96' title='bbox 1257 1741 1344 1806; x_wconf 87' lang='lat' dir='ltr'><strong>haud</strong></span> <span class='ocrx_word' id='word_1_97' title='bbox 1366 1740 1449 1808; x_wconf 80' lang='lat' dir='ltr'><strong>diffl-</strong></span> 
     </span>
     <span class='ocr_line' id='line_1_13' title="bbox 343 1844 1450 1923; baseline -0.004 -11"><span class='ocrx_word' id='word_1_98' title='bbox 343 1847 402 1915; x_wconf 89' lang='lat' dir='ltr'><strong>cile</strong></span> <span class='ocrx_word' id='word_1_99' title='bbox 423 1853 472 1912; x_wconf 92' lang='lat' dir='ltr'><strong>est</strong></span> <span class='ocrx_word' id='word_1_100' title='bbox 492 1847 664 1913; x_wconf 86' lang='lat' dir='ltr'><strong>intellectu.</strong></span> <span class='ocrx_word' id='word_1_101' title='bbox 713 1845 840 1915; x_wconf 79' lang='lat' dir='ltr'><strong>Etenim</strong></span> <span class='ocrx_word' id='word_1_102' title='bbox 861 1847 895 1910; x_wconf 89' lang='lat' dir='ltr'><strong>in</strong></span> <span class='ocrx_word' id='word_1_103' title='bbox 917 1846 1097 1913; x_wconf 85' lang='lat' dir='ltr'><strong>universum</strong></span> <span class='ocrx_word' id='word_1_104' title='bbox 1118 1844 1313 1911; x_wconf 50' lang='lat' dir='ltr'><strong>monendum¹</strong></span> <span class='ocrx_word' id='word_1_105' title='bbox 1331 1851 1395 1923; x_wconf 88' lang='lat' dir='ltr'><strong>est,</strong></span> <span class='ocrx_word' id='word_1_106' title='bbox 1428 1865 1450 1908; x_wconf 90' lang='lat' dir='ltr'><strong>a</strong></span> 
     </span>
     <span class='ocr_line' id='line_1_14' title="bbox 342 1947 1449 2032; baseline 0.001 -18"><span class='ocrx_word' id='word_1_107' title='bbox 342 1950 474 2032; x_wconf 81' lang='lat' dir='ltr'><strong>tragicis</strong></span> <span class='ocrx_word' id='word_1_108' title='bbox 502 1949 602 2032; x_wconf 87' lang='lat' dir='ltr'><strong>poetis</strong></span> <span class='ocrx_word' id='word_1_109' title='bbox 632 1948 746 2014; x_wconf 88' lang='lat' dir='ltr'><strong>Atticis</strong></span> <span class='ocrx_word' id='word_1_110' title='bbox 775 1947 901 2025; x_wconf 86' lang='lat' dir='ltr'><strong>eadem,</strong></span> <span class='ocrx_word' id='word_1_111' title='bbox 938 1968 1034 2028; x_wconf 81' lang='lat' dir='ltr'><strong>qnam</strong></span> <span class='ocrx_word' id='word_1_112' title='bbox 1051 1947 1121 2029; x_wconf 87' lang='lat' dir='ltr'><strong>jam</strong></span> <span class='ocrx_word' id='word_1_113' title='bbox 1143 1967 1240 2029; x_wconf 86' lang='lat' dir='ltr'><strong>supra</strong></span> <span class='ocrx_word' id='word_1_114' title='bbox 1259 1947 1449 2025; x_wconf 85' lang='lat' dir='ltr'><strong>notavimus,</strong></span> 
     </span>
     <span class='ocr_line' id='line_1_15' title="bbox 342 2048 1450 2133; baseline -0.002 -15"><span class='ocrx_word' id='word_1_115' title='bbox 342 2073 448 2122; x_wconf 86' lang='lat' dir='ltr'><strong>rerum</strong></span> <span class='ocrx_word' id='word_1_116' title='bbox 469 2058 501 2115; x_wconf 89' lang='lat' dir='ltr'><strong>et</strong></span> <span class='ocrx_word' id='word_1_117' title='bbox 521 2056 699 2133; x_wconf 89' lang='lat' dir='ltr'><strong>temporum</strong></span> <span class='ocrx_word' id='word_1_118' title='bbox 722 2051 916 2127; x_wconf 80' lang='lat' dir='ltr'><strong>confusione,</strong></span> <span class='ocrx_word' id='word_1_119' title='bbox 937 2048 1075 2125; x_wconf 86' lang='lat' dir='ltr'><strong>Atridas,</strong></span> <span class='ocrx_word' id='word_1_120' title='bbox 1097 2069 1195 2130; x_wconf 90' lang='lat' dir='ltr'><strong>quum</strong></span> <span class='ocrx_word' id='word_1_121' title='bbox 1213 2054 1288 2117; x_wconf 85' lang='lat' dir='ltr'><strong>ante</strong></span> <span class='ocrx_word' id='word_1_122' title='bbox 1304 2048 1450 2116; x_wconf 86' lang='lat' dir='ltr'><strong>Heracli-</strong></span> 
     </span>
     <span class='ocr_line' id='line_1_16' title="bbox 343 2151 1449 2236; baseline -0.001 -17"><span class='ocrx_word' id='word_1_123' title='bbox 343 2154 456 2220; x_wconf 87' lang='lat' dir='ltr'><strong>darum</strong></span> <span class='ocrx_word' id='word_1_124' title='bbox 478 2175 590 2218; x_wconf 79' lang='lat' dir='ltr'><strong>aerum</strong></span> <span class='ocrx_word' id='word_1_125' title='bbox 610 2154 820 2236; x_wconf 84' lang='lat' dir='ltr'><strong>Peloponnesi</strong></span> <span class='ocrx_word' id='word_1_126' title='bbox 841 2153 1008 2234; x_wconf 88' lang='lat' dir='ltr'><strong>imperium</strong></span> <span class='ocrx_word' id='word_1_127' title='bbox 1031 2151 1226 2228; x_wconf 85' lang='lat' dir='ltr'><strong>obtinerent,</strong></span> <span class='ocrx_word' id='word_1_128' title='bbox 1258 2151 1345 2218; x_wconf 86' lang='lat' dir='ltr'><strong>haud</strong></span> <span class='ocrx_word' id='word_1_129' title='bbox 1373 2172 1449 2222; x_wconf 85' lang='lat' dir='ltr'><strong>raro</strong></span> 
     </span>
     <span class='ocr_line' id='line_1_17' title="bbox 343 2253 1449 2341; baseline 0 -20"><span class='ocrx_word' id='word_1_130' title='bbox 343 2259 479 2341; x_wconf 80' lang='lat' dir='ltr'><strong>majores</strong></span> <span class='ocrx_word' id='word_1_131' title='bbox 502 2277 611 2321; x_wconf 88' lang='lat' dir='ltr'><strong>eorum</strong></span> <span class='ocrx_word' id='word_1_132' title='bbox 632 2254 718 2337; x_wconf 85' lang='lat' dir='ltr'><strong>fingi.</strong></span> <span class='ocrx_word' id='word_1_133' title='bbox 768 2255 862 2323; x_wconf 88' lang='lat' dir='ltr'><strong>Unde</strong></span> <span class='ocrx_word' id='word_1_134' title='bbox 884 2254 935 2333; x_wconf 82' lang='lat' dir='ltr'><strong>fic,</strong></span> <span class='ocrx_word' id='word_1_135' title='bbox 966 2260 1002 2318; x_wconf 88' lang='lat' dir='ltr'><strong>ut</strong></span> <span class='ocrx_word' id='word_1_136' title='bbox 1024 2254 1189 2319; x_wconf 85' lang='lat' dir='ltr'><strong>occasione</strong></span> <span class='ocrx_word' id='word_1_137' title='bbox 1211 2253 1319 2318; x_wconf 87' lang='lat' dir='ltr'><strong>oblata</strong></span> <span class='ocrx_word' id='word_1_138' title='bbox 1341 2254 1449 2322; x_wconf 85' lang='lat' dir='ltr'><strong>odium</strong></span> 
     </span>
     <span class='ocr_line' id='line_1_18' title="bbox 342 2355 1449 2442; baseline 0.002 -19"><span class='ocrx_word' id='word_1_139' title='bbox 342 2358 423 2423; x_wconf 90' lang='lat' dir='ltr'><strong>illud</strong></span> <span class='ocrx_word' id='word_1_140' title='bbox 437 2359 565 2442; x_wconf 83' lang='lat' dir='ltr'><strong>gentile,</strong></span> <span class='ocrx_word' id='word_1_141' title='bbox 589 2378 651 2439; x_wconf 92' lang='lat' dir='ltr'><strong>quo</strong></span> <span class='ocrx_word' id='word_1_142' title='bbox 671 2357 763 2422; x_wconf 91' lang='lat' dir='ltr'><strong>lones</strong></span> <span class='ocrx_word' id='word_1_143' title='bbox 786 2364 818 2422; x_wconf 90' lang='lat' dir='ltr'><strong>et</strong></span> <span class='ocrx_word' id='word_1_144' title='bbox 840 2357 952 2435; x_wconf 89' lang='lat' dir='ltr'><strong>Dores,</strong></span> <span class='ocrx_word' id='word_1_145' title='bbox 972 2357 1023 2421; x_wconf 83' lang='lat' dir='ltr'><strong>rel</strong></span> <span class='ocrx_word' id='word_1_146' title='bbox 1044 2362 1080 2422; x_wconf 82' lang='lat' dir='ltr'><strong>nt</strong></span> <span class='ocrx_word' id='word_1_147' title='bbox 1101 2357 1207 2438; x_wconf 87' lang='lat' dir='ltr'><strong>potius</strong></span> <span class='ocrx_word' id='word_1_148' title='bbox 1229 2355 1332 2424; x_wconf 87' lang='lat' dir='ltr'><strong>dicam</strong></span> <span class='ocrx_word' id='word_1_149' title='bbox 1349 2355 1449 2426; x_wconf 81' lang='lat' dir='ltr'><strong>Athe-</strong></span> 
     </span>
     <span class='ocr_line' id='line_1_19' title="bbox 341 2458 1447 2540; baseline -0.005 -14"><span class='ocrx_word' id='word_1_150' title='bbox 341 2463 466 2526; x_wconf 80' lang='lat' dir='ltr'><strong>aienses</strong></span> <span class='ocrx_word' id='word_1_151' title='bbox 488 2466 520 2524; x_wconf 85' lang='lat' dir='ltr'><strong>ct</strong></span> <span class='ocrx_word' id='word_1_152' title='bbox 541 2460 797 2537; x_wconf 86' lang='lat' dir='ltr'><strong>Lacedaemonii,</strong></span> <span class='ocrx_word' id='word_1_153' title='bbox 830 2481 902 2524; x_wconf 91' lang='lat' dir='ltr'><strong>cum</strong></span> <span class='ocrx_word' id='word_1_154' title='bbox 923 2458 1058 2528; x_wconf 85' lang='lat' dir='ltr'><strong>indoab</strong></span> <span class='ocrx_word' id='word_1_155' title='bbox 1082 2459 1346 2540; x_wconf 89' lang='lat' dir='ltr'><strong>omnitempore,</strong></span> <span class='ocrx_word' id='word_1_156' title='bbox 1378 2463 1447 2522; x_wconf 89' lang='lat' dir='ltr'><strong>tum</strong></span> 
     </span>
     <span class='ocr_line' id='line_1_20' title="bbox 342 2559 1449 2647; baseline -0.003 -20"><span class='ocrx_word' id='word_1_157' title='bbox 342 2570 415 2647; x_wconf 89' lang='lat' dir='ltr'><strong>post</strong></span> <span class='ocrx_word' id='word_1_158' title='bbox 437 2562 522 2626; x_wconf 91' lang='lat' dir='ltr'><strong>bella</strong></span> <span class='ocrx_word' id='word_1_159' title='bbox 543 2583 615 2628; x_wconf 90' lang='lat' dir='ltr'><strong>cum</strong></span> <span class='ocrx_word' id='word_1_160' title='bbox 636 2562 740 2628; x_wconf 88' lang='lat' dir='ltr'><strong>Persis</strong></span> <span class='ocrx_word' id='word_1_161' title='bbox 761 2569 852 2645; x_wconf 85' lang='lat' dir='ltr'><strong>gesta</strong></span> <span class='ocrx_word' id='word_1_162' title='bbox 881 2562 941 2627; x_wconf 90' lang='lat' dir='ltr'><strong>sibi</strong></span> <span class='ocrx_word' id='word_1_163' title='bbox 970 2565 1061 2626; x_wconf 89' lang='lat' dir='ltr'><strong>erant</strong></span> <span class='ocrx_word' id='word_1_164' title='bbox 1090 2561 1243 2643; x_wconf 89' lang='lat' dir='ltr'><strong>oppositi,</strong></span> <span class='ocrx_word' id='word_1_165' title='bbox 1276 2560 1309 2624; x_wconf 92' lang='lat' dir='ltr'><strong>in</strong></span> <span class='ocrx_word' id='word_1_166' title='bbox 1331 2559 1449 2624; x_wconf 89' lang='lat' dir='ltr'><strong>fabulis</strong></span> 
     </span>
     <span class='ocr_line' id='line_1_21' title="bbox 339 2662 1445 2751; baseline -0.005 -20"><span class='ocrx_word' id='word_1_167' title='bbox 339 2667 408 2751; x_wconf 80' lang='lat' dir='ltr'><strong>jam</strong></span> <span class='ocrx_word' id='word_1_168' title='bbox 435 2667 470 2731; x_wconf 87' lang='lat' dir='ltr'><strong>in</strong></span> <span class='ocrx_word' id='word_1_169' title='bbox 497 2665 570 2734; x_wconf 87' lang='lat' dir='ltr'><strong>illos</strong></span> <span class='ocrx_word' id='word_1_170' title='bbox 598 2666 805 2730; x_wconf 83' lang='lat' dir='ltr'><strong>transferant.</strong></span> <span class='ocrx_word' id='word_1_171' title='bbox 855 2663 965 2745; x_wconf 84' lang='lat' dir='ltr'><strong>Neque</strong></span> <span class='ocrx_word' id='word_1_172' title='bbox 986 2662 1088 2728; x_wconf 89' lang='lat' dir='ltr'><strong>solum</strong></span> <span class='ocrx_word' id='word_1_173' title='bbox 1110 2662 1195 2744; x_wconf 89' lang='lat' dir='ltr'><strong>apud</strong></span> <span class='ocrx_word' id='word_1_174' title='bbox 1216 2662 1400 2746; x_wconf 83' lang='lat' dir='ltr'><strong>Euripidem</strong></span> <span class='ocrx_word' id='word_1_175' title='bbox 1419 2663 1445 2747; x_wconf 76' lang='grc' dir='ltr'><strong>Ι)</strong></span> 
     </span>
     <span class='ocr_line' id='line_1_22' title="bbox 343 2765 1449 2850; baseline 0 -18"><span class='ocrx_word' id='word_1_176' title='bbox 343 2768 516 2839; x_wconf 86' lang='lat' dir='ltr'><strong>sedetiam</strong></span> <span class='ocrx_word' id='word_1_177' title='bbox 536 2765 622 2849; x_wconf 87' lang='lat' dir='ltr'><strong>apud</strong></span> <span class='ocrx_word' id='word_1_178' title='bbox 644 2765 847 2850; x_wconf 86' lang='lat' dir='ltr'><strong>Sophoclem,</strong></span> <span class='ocrx_word' id='word_1_179' title='bbox 869 2771 901 2831; x_wconf 91' lang='lat' dir='ltr'><strong>et</strong></span> <span class='ocrx_word' id='word_1_180' title='bbox 921 2767 1057 2830; x_wconf 82' lang='lat' dir='ltr'><strong>maxime</strong></span> <span class='ocrx_word' id='word_1_181' title='bbox 1080 2766 1113 2828; x_wconf 88' lang='lat' dir='ltr'><strong>in</strong></span> <span class='ocrx_word' id='word_1_182' title='bbox 1136 2766 1233 2850; x_wconf 78' lang='lat' dir='ltr'><strong>Ajace</strong></span> <span class='ocrx_word' id='word_1_183' title='bbox 1256 2765 1365 2830; x_wconf 85' lang='lat' dir='ltr'><strong>fabula</strong></span> <span class='ocrx_word' id='word_1_184' title='bbox 1386 2765 1449 2832; x_wconf 89' lang='lat' dir='ltr'><strong>hoc</strong></span> 
     </span>
     <span class='ocr_line' id='line_1_23' title="bbox 342 2869 1449 2951; baseline 0.001 -17"><span class='ocrx_word' id='word_1_185' title='bbox 342 2871 417 2934; x_wconf 91' lang='lat' dir='ltr'><strong>licet</strong></span> <span class='ocrx_word' id='word_1_186' title='bbox 439 2869 607 2937; x_wconf 81' lang='lat' dir='ltr'><strong>observari.</strong></span> <span class='ocrx_word' id='word_1_187' title='bbox 651 2869 690 2933; x_wconf 90' lang='lat' dir='ltr'><strong>ln</strong></span> <span class='ocrx_word' id='word_1_188' title='bbox 710 2891 775 2951; x_wconf 89' lang='lat' dir='ltr'><strong>qua</strong></span> <span class='ocrx_word' id='word_1_189' title='bbox 797 2891 889 2934; x_wconf 88' lang='lat' dir='ltr'><strong>omne</strong></span> <span class='ocrx_word' id='word_1_190' title='bbox 912 2869 1035 2947; x_wconf 90' lang='lat' dir='ltr'><strong>odium,</strong></span> <span class='ocrx_word' id='word_1_191' title='bbox 1058 2888 1121 2949; x_wconf 91' lang='lat' dir='ltr'><strong>quo</strong></span> <span class='ocrx_word' id='word_1_192' title='bbox 1143 2869 1348 2934; x_wconf 85' lang='lat' dir='ltr'><strong>Athenienses</strong></span> <span class='ocrx_word' id='word_1_193' title='bbox 1370 2887 1449 2935; x_wconf 66' lang='lat' dir='ltr'><strong>con»</strong></span> 
     </span>
     <span class='ocr_line' id='line_1_24' title="bbox 342 2969 1450 3056; baseline 0 -20"><span class='ocrx_word' id='word_1_194' title='bbox 342 2977 395 3036; x_wconf 92' lang='lat' dir='ltr'><strong>tra</strong></span> <span class='ocrx_word' id='word_1_195' title='bbox 421 2972 688 3036; x_wconf 89' lang='lat' dir='ltr'><strong>Lacedaemonios</strong></span> <span class='ocrx_word' id='word_1_196' title='bbox 717 2969 916 3056; x_wconf 82' lang='lat' dir='ltr'><strong>flagrabant,</strong></span> <span class='ocrx_word' id='word_1_197' title='bbox 943 2973 977 3036; x_wconf 92' lang='lat' dir='ltr'><strong>in</strong></span> <span class='ocrx_word' id='word_1_198' title='bbox 999 2973 1165 3054; x_wconf 88' lang='lat' dir='ltr'><strong>antiquum</strong></span> <span class='ocrx_word' id='word_1_199' title='bbox 1187 2969 1321 3054; x_wconf 85' lang='lat' dir='ltr'><strong>Spartae</strong></span> <span class='ocrx_word' id='word_1_200' title='bbox 1340 2990 1450 3053; x_wconf 77' lang='lat' dir='ltr'><strong>regem</strong></span> 
     </span>
     <span class='ocr_line' id='line_1_25' title="bbox 344 3073 1451 3159; baseline -0.004 -19"><span class='ocrx_word' id='word_1_201' title='bbox 344 3074 520 3140; x_wconf 87' lang='lat' dir='ltr'><strong>cumulasse</strong></span> <span class='ocrx_word' id='word_1_202' title='bbox 542 3079 685 3158; x_wconf 88' lang='lat' dir='ltr'><strong>poetam,</strong></span> <span class='ocrx_word' id='word_1_203' title='bbox 720 3096 759 3141; x_wconf 86' lang='lat' dir='ltr'><strong>ex</strong></span> <span class='ocrx_word' id='word_1_204' title='bbox 788 3081 858 3141; x_wconf 85' lang='lat' dir='ltr'><strong>tota</strong></span> <span class='ocrx_word' id='word_1_205' title='bbox 887 3075 954 3159; x_wconf 85' lang='lat' dir='ltr'><strong>ejus</strong></span> <span class='ocrx_word' id='word_1_206' title='bbox 977 3073 1175 3140; x_wconf 89' lang='lat' dir='ltr'><strong>describendi</strong></span> <span class='ocrx_word' id='word_1_207' title='bbox 1196 3075 1333 3151; x_wconf 90' lang='lat' dir='ltr'><strong>ratione,</strong></span> <span class='ocrx_word' id='word_1_208' title='bbox 1366 3093 1451 3155; x_wconf 90' lang='lat' dir='ltr'><strong>quae</strong></span> 
     </span>
     <span class='ocr_line' id='line_1_26' title="bbox 343 3174 1564 3261; baseline -0.001 -21"><span class='ocrx_word' id='word_1_209' title='bbox 343 3198 474 3261; x_wconf 81' lang='lat' dir='ltr'><strong>prorsus</strong></span> <span class='ocrx_word' id='word_1_210' title='bbox 496 3177 647 3242; x_wconf 89' lang='lat' dir='ltr'><strong>abhorret</strong></span> <span class='ocrx_word' id='word_1_211' title='bbox 668 3177 709 3243; x_wconf 85' lang='lat' dir='ltr'><strong>ab</strong></span> <span class='ocrx_word' id='word_1_212' title='bbox 731 3177 886 3255; x_wconf 86' lang='lat' dir='ltr'><strong>Homero,</strong></span> <span class='ocrx_word' id='word_1_213' title='bbox 915 3178 1114 3260; x_wconf 86' lang='lat' dir='ltr'><strong>perspicuum</strong></span> <span class='ocrx_word' id='word_1_214' title='bbox 1137 3182 1194 3242; x_wconf 89' lang='lat' dir='ltr'><strong>est.</strong></span> <span class='ocrx_word' id='word_1_215' title='bbox 1238 3175 1330 3245; x_wconf 85' lang='lat' dir='ltr'><strong>Hunc</strong></span> <span class='ocrx_word' id='word_1_216' title='bbox 1352 3174 1451 3258; x_wconf 88' lang='lat' dir='ltr'><strong>Spar·</strong></span> <span class='ocrx_word' id='word_1_217' title='bbox 1563 3187 1564 3192; x_wconf 76' lang='grc'>’</span> 
     </span>
     <span class='ocr_line' id='line_1_27' title="bbox 342 3277 1451 3356; baseline -0.001 -13"><span class='ocrx_word' id='word_1_218' title='bbox 342 3281 496 3344; x_wconf 88' lang='lat' dir='ltr'><strong>tiatarum</strong></span> <span class='ocrx_word' id='word_1_219' title='bbox 516 3280 664 3349; x_wconf 86' lang='lat' dir='ltr'><strong>instituta</strong></span> <span class='ocrx_word' id='word_1_220' title='bbox 686 3280 811 3348; x_wconf 59' lang='lat' dir='ltr'><strong>discam</strong></span> <span class='ocrx_word' id='word_1_221' title='bbox 832 3279 935 3346; x_wconf 81' lang='lat' dir='ltr'><strong>verbis</strong></span> <span class='ocrx_word' id='word_1_222' title='bbox 956 3285 1097 3353; x_wconf 81' lang='lat' dir='ltr'><strong>tuentem</strong></span> <span class='ocrx_word' id='word_1_223' title='bbox 1118 3279 1259 3356; x_wconf 88' lang='lat' dir='ltr'><strong>inducit,</strong></span> <span class='ocrx_word' id='word_1_224' title='bbox 1295 3277 1384 3344; x_wconf 90' lang='lat' dir='ltr'><strong>illam</strong></span> <span class='ocrx_word' id='word_1_225' title='bbox 1405 3279 1451 3342; x_wconf 92' lang='lat' dir='ltr'><strong>ri-</strong></span> 
     </span>
     <span class='ocr_line' id='line_1_28' title="bbox 343 3380 1451 3466; baseline 0.001 -22"><span class='ocrx_word' id='word_1_226' title='bbox 343 3382 448 3464; x_wconf 75' lang='lat' dir='ltr'><strong>gidam</strong></span> <span class='ocrx_word' id='word_1_227' title='bbox 469 3382 661 3465; x_wconf 90' lang='lat' dir='ltr'><strong>reipublicae</strong></span> <span class='ocrx_word' id='word_1_228' title='bbox 683 3382 835 3458; x_wconf 84' lang='lat' dir='ltr'><strong>formam,</strong></span> <span class='ocrx_word' id='word_1_229' title='bbox 865 3381 905 3444; x_wconf 90' lang='lat' dir='ltr'><strong>ab</strong></span> <span class='ocrx_word' id='word_1_230' title='bbox 928 3380 1133 3462; x_wconf 85' lang='lat' dir='ltr'><strong>optimatibus</strong></span> <span class='ocrx_word' id='word_1_231' title='bbox 1154 3380 1363 3466; x_wconf 78' lang='lat' dir='ltr'><strong>gubernatae,</strong></span> <span class='ocrx_word' id='word_1_232' title='bbox 1390 3401 1451 3446; x_wconf 89' lang='lat' dir='ltr'><strong>nec</strong></span> 
     </span>
     <span class='ocr_line' id='line_1_29' title="bbox 343 3481 1098 3568; baseline -0.007 -17"><span class='ocrx_word' id='word_1_233' title='bbox 343 3483 414 3551; x_wconf 86' lang='lat' dir='ltr'><strong>ullo</strong></span> <span class='ocrx_word' id='word_1_234' title='bbox 429 3483 524 3550; x_wconf 89' lang='lat' dir='ltr'><strong>modo</strong></span> <span class='ocrx_word' id='word_1_235' title='bbox 545 3485 708 3568; x_wconf 85' lang='lat' dir='ltr'><strong>popularis</strong></span> <span class='ocrx_word' id='word_1_236' title='bbox 721 3486 767 3568; x_wconf 79' lang='lat'><strong>2),;</strong></span> <span class='ocrx_word' id='word_1_237' title='bbox 791 3484 831 3548; x_wconf 83' lang='lat' dir='ltr'><strong>cf.</strong></span> <span class='ocrx_word' id='word_1_238' title='bbox 853 3505 881 3547; x_wconf 86' lang='lat' dir='ltr'><strong>v.</strong></span> <span class='ocrx_word' id='word_1_239' title='bbox 907 3481 987 3548; x_wconf 75' lang='grc'>1011</span> <span class='ocrx_word' id='word_1_240' title='bbox 1012 3503 1098 3564; x_wconf 86' lang='lat' dir='ltr'><strong>sqq.:</strong></span> 
     </span>
    </p>
   </div>
   <div class='ocr_carea' id='block_1_3' title="bbox 352 3682 556 3689">
    <p class='ocr_par' dir='ltr' id='par_1_3' title="bbox 352 3682 556 3689">
     <span class='ocr_line' id='line_1_30' title="bbox 352 3682 556 3689; baseline -0.005 -1"><span class='ocrx_word' id='word_1_241' title='bbox 352 3682 556 3689; x_wconf 83' lang='lat'><strong>——</strong></span> 
     </span>
    </p>
   </div>
   <div class='ocr_carea' id='block_1_4' title="bbox 344 3794 1455 4476">
    <p class='ocr_par' dir='ltr' id='par_1_4' title="bbox 344 3794 1455 4300">
     <span class='ocr_line' id='line_1_31' title="bbox 417 3794 1453 3866; baseline 0.002 -16"><span class='ocrx_word' id='word_1_242' title='bbox 417 3798 438 3866; x_wconf 81' lang='lat'><strong>¹)</strong></span> <span class='ocrx_word' id='word_1_243' title='bbox 473 3796 534 3850; x_wconf 87' lang='lat' dir='ltr'><strong>Hac</strong></span> <span class='ocrx_word' id='word_1_244' title='bbox 550 3795 611 3864; x_wconf 87' lang='lat' dir='ltr'><strong>ipsa</strong></span> <span class='ocrx_word' id='word_1_245' title='bbox 627 3812 658 3848; x_wconf 90' lang='lat' dir='ltr'><strong>re</strong></span> <span class='ocrx_word' id='word_1_246' title='bbox 673 3795 732 3862; x_wconf 85' lang='lat' dir='ltr'><strong>jam</strong></span> <span class='ocrx_word' id='word_1_247' title='bbox 748 3795 913 3851; x_wconf 85' lang='lat' dir='ltr'><strong>Aristoteles</strong></span> <span class='ocrx_word' id='word_1_248' title='bbox 932 3794 1061 3862; x_wconf 81' lang='lat' dir='ltr'><strong>offendit,</strong></span> <span class='ocrx_word' id='word_1_249' title='bbox 1097 3795 1145 3863; x_wconf 91' lang='lat' dir='ltr'><strong>qui</strong></span> <span class='ocrx_word' id='word_1_250' title='bbox 1161 3795 1324 3864; x_wconf 80' lang='lat' dir='ltr'><strong>Euripidem</strong></span> <span class='ocrx_word' id='word_1_251' title='bbox 1342 3797 1453 3866; x_wconf 86' lang='lat' dir='ltr'><strong>vitupe-</strong></span> 
     </span>
     <span class='ocr_line' id='line_1_32' title="bbox 344 3882 1453 3954; baseline 0 -15"><span class='ocrx_word' id='word_1_252' title='bbox 344 3889 403 3952; x_wconf 87' lang='lat' dir='ltr'><strong>rat,</strong></span> <span class='ocrx_word' id='word_1_253' title='bbox 432 3884 506 3954; x_wconf 89' lang='lat' dir='ltr'><strong>quod</strong></span> <span class='ocrx_word' id='word_1_254' title='bbox 523 3883 650 3938; x_wconf 83' lang='lat' dir='ltr'><strong>Menelao</strong></span> <span class='ocrx_word' id='word_1_255' title='bbox 667 3883 697 3935; x_wconf 91' lang='lat' dir='ltr'><strong>in</strong></span> <span class='ocrx_word' id='word_1_256' title='bbox 716 3882 812 3936; x_wconf 87' lang='lat' dir='ltr'><strong>Oreste</strong></span> <span class='ocrx_word' id='word_1_257' title='bbox 830 3883 889 3935; x_wconf 92' lang='lat' dir='ltr'><strong>sine</strong></span> <span class='ocrx_word' id='word_1_258' title='bbox 909 3886 985 3936; x_wconf 89' lang='lat' dir='ltr'><strong>certa</strong></span> <span class='ocrx_word' id='word_1_259' title='bbox 1004 3883 1123 3950; x_wconf 86' lang='lat' dir='ltr'><strong>quadam</strong></span> <span class='ocrx_word' id='word_1_260' title='bbox 1143 3899 1224 3936; x_wconf 86' lang='lat' dir='ltr'><strong>causa</strong></span> <span class='ocrx_word' id='word_1_261' title='bbox 1242 3901 1341 3952; x_wconf 88' lang='lat' dir='ltr'><strong>pravos</strong></span> <span class='ocrx_word' id='word_1_262' title='bbox 1359 3902 1453 3940; x_wconf 87' lang='lat' dir='ltr'><strong>mores</strong></span> 
     </span>
     <span class='ocr_line' id='line_1_33' title="bbox 346 3965 1454 4042; baseline 0 -18"><span class='ocrx_word' id='word_1_263' title='bbox 346 3971 494 4024; x_wconf 85' lang='lat' dir='ltr'><strong>affinxerit.</strong></span> <span class='ocrx_word' id='word_1_264' title='bbox 513 3970 549 4023; x_wconf 85' lang='lat' dir='ltr'><strong>cf.</strong></span> <span class='ocrx_word' id='word_1_265' title='bbox 562 3971 646 4024; x_wconf 78' lang='lat' dir='ltr'><strong>Arist.</strong></span> <span class='ocrx_word' id='word_1_266' title='bbox 659 3974 733 4038; x_wconf 88' lang='lat' dir='ltr'><strong>poet.</strong></span> <span class='ocrx_word' id='word_1_267' title='bbox 748 3971 788 4037; x_wconf 80' lang='lat'><strong>17,</strong></span> <span class='ocrx_word' id='word_1_268' title='bbox 803 3971 827 4023; x_wconf 85' lang='lat'><strong>7.</strong></span> <span class='ocrx_word' id='word_1_269' title='bbox 846 3968 948 4023; x_wconf 74' lang='grc' dir='ltr'><strong><em>ἔστιδὲ</em></strong></span> <span class='ocrx_word' id='word_1_270' title='bbox 962 3965 1139 4040; x_wconf 63' lang='grc' dir='ltr'><em>παράδειγμα</em></span> <span class='ocrx_word' id='word_1_271' title='bbox 1153 3974 1287 4040; x_wconf 80' lang='grc' dir='ltr'><strong><em>πονηρίας</em></strong></span> <span class='ocrx_word' id='word_1_272' title='bbox 1298 3972 1352 4042; x_wconf 77' lang='grc' dir='ltr'><strong>μὲν</strong></span> <span class='ocrx_word' id='word_1_273' title='bbox 1363 3967 1454 4038; x_wconf 74' lang='grc' dir='ltr'>ἤθους</span> 
     </span>
     <span class='ocr_line' id='line_1_34' title="bbox 345 4049 1455 4130; baseline 0.006 -21"><span class='ocrx_word' id='word_1_274' title='bbox 345 4054 385 4129; x_wconf 79' lang='grc' dir='ltr'><strong>μὴ</strong></span> <span class='ocrx_word' id='word_1_275' title='bbox 403 4055 555 4126; x_wconf 78' lang='grc' dir='ltr'><em>ἀναγκαῖον</em></span> <span class='ocrx_word' id='word_1_276' title='bbox 573 4049 634 4108; x_wconf 80' lang='grc' dir='ltr'><em>οἷον</em></span> <span class='ocrx_word' id='word_1_277' title='bbox 650 4053 666 4107; x_wconf 83' lang='grc' dir='ltr'>ὁ</span> <span class='ocrx_word' id='word_1_278' title='bbox 685 4060 827 4114; x_wconf 77' lang='grc' dir='ltr'><strong><em>Μενέλαος</em></strong></span> <span class='ocrx_word' id='word_1_279' title='bbox 845 4053 859 4108; x_wconf 86' lang='grc' dir='ltr'>ὁ</span> <span class='ocrx_word' id='word_1_280' title='bbox 880 4057 909 4110; x_wconf 71' lang='grc' dir='ltr'><strong>ἐν</strong></span> <span class='ocrx_word' id='word_1_281' title='bbox 926 4061 964 4124; x_wconf 75' lang='grc' dir='ltr'><strong>τῷ</strong></span> <span class='ocrx_word' id='word_1_282' title='bbox 974 4053 1088 4128; x_wconf 71' lang='grc' dir='ltr'><em>Ὀρέστῃ·</em></span> <span class='ocrx_word' id='word_1_283' title='bbox 1108 4056 1143 4111; x_wconf 82' lang='lat' dir='ltr'><strong>cf.</strong></span> <span class='ocrx_word' id='word_1_284' title='bbox 1156 4058 1269 4126; x_wconf 69' lang='lat' dir='ltr'><strong>Canac,</strong></span> <span class='ocrx_word' id='word_1_285' title='bbox 1280 4060 1322 4112; x_wconf 86' lang='lat'><strong>31.</strong></span> <span class='ocrx_word' id='word_1_286' title='bbox 1357 4061 1455 4130; x_wconf 84' lang='lat' dir='ltr'><strong>Atque</strong></span> 
     </span>
     <span class='ocr_line' id='line_1_35' title="bbox 346 4145 1454 4214; baseline 0.004 -16"><span class='ocrx_word' id='word_1_287' title='bbox 346 4147 430 4199; x_wconf 87' lang='lat' dir='ltr'><strong>etiarn</strong></span> <span class='ocrx_word' id='word_1_288' title='bbox 447 4146 477 4197; x_wconf 89' lang='lat' dir='ltr'><strong>in</strong></span> <span class='ocrx_word' id='word_1_289' title='bbox 495 4145 688 4198; x_wconf 83' lang='lat' dir='ltr'><strong>Andromacha</strong></span> <span class='ocrx_word' id='word_1_290' title='bbox 699 4145 773 4198; x_wconf 90' lang='lat' dir='ltr'><strong>idem</strong></span> <span class='ocrx_word' id='word_1_291' title='bbox 784 4162 835 4198; x_wconf 86' lang='lat' dir='ltr'><strong>rex</strong></span> <span class='ocrx_word' id='word_1_292' title='bbox 847 4145 962 4213; x_wconf 86' lang='lat' dir='ltr'><strong>Spartae</strong></span> <span class='ocrx_word' id='word_1_293' title='bbox 974 4145 1121 4211; x_wconf 84' lang='lat' dir='ltr'><strong>crudelem,</strong></span> <span class='ocrx_word' id='word_1_294' title='bbox 1141 4145 1295 4212; x_wconf 90' lang='lat' dir='ltr'><strong>subdolum,</strong></span> <span class='ocrx_word' id='word_1_295' title='bbox 1313 4146 1454 4214; x_wconf 87' lang='lat' dir='ltr'><strong>perfidum</strong></span> 
     </span>
     <span class='ocr_line' id='line_1_36' title="bbox 347 4229 1232 4300; baseline -0.002 -13"><span class='ocrx_word' id='word_1_296' title='bbox 347 4250 407 4287; x_wconf 90' lang='lat' dir='ltr'><strong>sese</strong></span> <span class='ocrx_word' id='word_1_297' title='bbox 423 4231 555 4286; x_wconf 84' lang='lat' dir='ltr'><strong>ostendit.</strong></span> <span class='ocrx_word' id='word_1_298' title='bbox 591 4229 626 4284; x_wconf 88' lang='lat' dir='ltr'><strong>cf.</strong></span> <span class='ocrx_word' id='word_1_299' title='bbox 645 4231 674 4284; x_wconf 87' lang='lat' dir='ltr'><strong>in</strong></span> <span class='ocrx_word' id='word_1_300' title='bbox 689 4232 848 4286; x_wconf 87' lang='lat' dir='ltr'><strong>universnm</strong></span> <span class='ocrx_word' id='word_1_301' title='bbox 866 4232 978 4288; x_wconf 90' lang='lat' dir='ltr'><strong>Lobeck</strong></span> <span class='ocrx_word' id='word_1_302' title='bbox 994 4233 1030 4286; x_wconf 90' lang='lat' dir='ltr'><strong>ad</strong></span> <span class='ocrx_word' id='word_1_303' title='bbox 1047 4231 1091 4300; x_wconf 69' lang='lat' dir='ltr'><strong>nj.</strong></span> <span class='ocrx_word' id='word_1_304' title='bbox 1109 4250 1135 4286; x_wconf 81' lang='lat' dir='ltr'><strong>u.</strong></span> <span class='ocrx_word' id='word_1_305' title='bbox 1157 4233 1232 4286; x_wconf 75' lang='lat'>1127.</span> 
     </span>
    </p>

    <p class='ocr_par' dir='ltr' id='par_1_5' title="bbox 347 4318 1454 4476">
     <span class='ocr_line' id='line_1_37' title="bbox 418 4318 1454 4389; baseline 0.006 -17"><span class='ocrx_word' id='word_1_306' title='bbox 418 4319 441 4388; x_wconf 77' lang='lat'><strong>²)</strong></span> <span class='ocrx_word' id='word_1_307' title='bbox 476 4318 633 4386; x_wconf 82' lang='lat' dir='ltr'><strong>Ddderlein,</strong></span> <span class='ocrx_word' id='word_1_308' title='bbox 652 4319 687 4372; x_wconf 91' lang='lat' dir='ltr'><strong>de</strong></span> <span class='ocrx_word' id='word_1_309' title='bbox 704 4319 847 4387; x_wconf 90' lang='lat' dir='ltr'><strong>Sophoclis</strong></span> <span class='ocrx_word' id='word_1_310' title='bbox 865 4321 967 4389; x_wconf 66' lang='lat' dir='ltr'><strong>Aiace5</strong></span> <span class='ocrx_word' id='word_1_311' title='bbox 988 4319 1212 4388; x_wconf 85' lang='lat' dir='ltr'><strong>Abhandlungen</strong></span> <span class='ocrx_word' id='word_1_312' title='bbox 1230 4320 1257 4373; x_wconf 92' lang='lat' dir='ltr'><strong>d.</strong></span> <span class='ocrx_word' id='word_1_313' title='bbox 1275 4320 1454 4378; x_wconf 85' lang='lat' dir='ltr'><strong>baierischen</strong></span> 
     </span>
     <span class='ocr_line' id='line_1_38' title="bbox 347 4405 1284 4476; baseline 0 -16"><span class='ocrx_word' id='word_1_314' title='bbox 347 4407 433 4461; x_wconf 88' lang='lat' dir='ltr'><strong>Acsd.</strong></span> <span class='ocrx_word' id='word_1_315' title='bbox 452 4407 478 4460; x_wconf 90' lang='lat' dir='ltr'><strong>d.</strong></span> <span class='ocrx_word' id='word_1_316' title='bbox 497 4405 664 4459; x_wconf 89' lang='lat' dir='ltr'><strong>Wissensch.</strong></span> <span class='ocrx_word' id='word_1_317' title='bbox 687 4407 762 4459; x_wconf 85' lang='grc'>1837.</span> <span class='ocrx_word' id='word_1_318' title='bbox 780 4406 882 4476; x_wconf 87' lang='lat' dir='ltr'><strong>philos.</strong></span> <span class='ocrx_word' id='word_1_319' title='bbox 900 4407 996 4475; x_wconf 85' lang='lat' dir='ltr'><strong>philol</strong></span> <span class='ocrx_word' id='word_1_320' title='bbox 1013 4407 1111 4474; x_wconf 85' lang='lat' dir='ltr'><strong>Classe,</strong></span> <span class='ocrx_word' id='word_1_321' title='bbox 1130 4407 1284 4476; x_wconf 80' lang='lat' dir='ltr'><strong>11,p.126.</strong></span> 
     </span>
    </p>
   </div>
   <div class='ocr_carea' id='block_1_5' title="bbox 0 0 1673 5217">
    <p class='ocr_par' dir='ltr' id='par_1_6' title="bbox 0 0 1673 5217">
     <span class='ocr_line' id='line_1_39' title="bbox 0 0 1673 5217; baseline 0 0"><span class='ocrx_word' id='word_1_322' title='bbox 0 0 1673 5217; x_wconf 95' lang='lat' dir='ltr'><strong> </strong></span> 
     </span>
    </p>
   </div>
  </div>
 </body>
</html>
