3334 5217
728 1375 810 1451 CAP.
835 1378 883 1450 Π.

653 1532 695 1594 Do
715 1532 803 1595 rebus
824 1531 963 1612 ‚abnuo

616 1782 647 1830 Δ.
682 1783 720 1832 Dc
737 1781 894 1842 reipublicae
911 1780 1000 1830 torma

768 1982 797 2059 s.
823 1977 851 2041 τ.

341 2129 374 2196 Si
401 2128 582 2211 quaerimus
612 2126 822 2211 reipublicae,
854 2127 958 2210 qualis
986 2126 1116 2194 heroioa
1143 2130 1248 2196 aetate
1279 2125 1362 2212 apud

252 2231 393 2297 Graecos
414 2230 510 2296 fuerit
532 2235 643 2308 status,
665 2229 708 2294 ad
723 2229 852 2295 Homeri
875 2229 1017 2296 carmina
1038 2228 1130 2294 nobis
1152 2227 1362 2296 recedendum

253 2340 311 2402 est.
357 2334 498 2411 Quorum
518 2332 652 2416 vestigia
673 2333 701 2398 si
721 2333 897 2417 sequimur,
919 2331 1006 2414 apud
1027 2331 1099 2400 illos
1122 2351 1192 2398 eam
1213 2330 1364 2415 reipubli-

256 2456 313 2502 cae
334 2436 480 2513 formam,
502 2456 598 2518 quam
620 2441 731 2518 postea
751 2436 881 2501 notione
896 2429 1051 2501 πολιτεία
1064 2432 1297 2518 significarunt,
1314 2434 1364 2502 iu-

254 2538 374 2605 fantiae
396 2537 489 2621 quasi
510 2537 689 2620 proximam
711 2537 807 2602 fuisse
828 2537 1014 2602 invenimus.
1060 2535 1133 2602 Non
1147 2536 1231 2602 enim
1246 2537 1363 2604 strictis

255 2639 377 2724 legibus
406 2645 439 2704 et
467 2639 620 2704 institutis
649 2660 688 2703 ex
716 2638 878 2703 hominum
906 2644 975 2704 arte
998 2644 1029 2704 at
1049 2638 1181 2704 arbitrio
1203 2638 1364 2726 profectis,

256 2742 313 2808 sed
334 2741 474 2807 moribus
497 2741 728 2820 continebatur,
758 2762 840 2827 quas
862 2747 977 2808 natura
998 2743 1069 2825 ipsa
1090 2740 1138 2818 iis,
1160 2761 1231 2805 eam
1252 2740 1364 2805 ducem

257 2843 479 2927 sequentibus,
498 2846 693 2928 imposuerat
715 2849 747 2908 et
770 2865 843 2910 cum
863 2844 1051 2910 necessitate
1073 2842 1213 2925 quadam
1232 2843 1365 2926 impres-

256 2953 350 3012 serat.
382 2947 486 3029 Atque
500 2968 538 3011 ea
551 2945 744 3012 informabat
758 2947 901 3014 homines
916 2947 958 3012 ad
973 2937 1125 3032 ἄγραπτα
1139 2946 1197 3014 illa
1211 2941 1365 3032 κάσφαλῆ

256 3053 347 3114 θεῶν
367 3044 491 3131 νόμιμα
513 3048 603 3132 (Ant.
625 3048 721 3135 454),
750 3070 832 3131 quae
854 3055 948 3132 poeta
971 3047 1046 3114 Oed.
1070 3047 1141 3133 Tyr.
1163 3071 1192 3113 v.
1216 3047 1278 3112 863
1294 3068 1362 3132 sqq.

256 3151 404 3219 dilucidis
426 3150 530 3216 verbis
552 3149 720 3230 describit,
742 3151 797 3218 ubi
818 3151 968 3236 legimns:

342 3247 389 3319 Εἴ
403 3275 461 3335 μοι
483 3248 587 3340 ξσνείη
603 3251 736 3340 φέροντι
750 3256 851 3340 μοῖρα
866 3249 926 3319 τὰν
941 3246 1103 3318 εὕσττττον
1116 3247 1246 3337 ἁγνείαν
1261 3246 1364 3337 λόγων

342 3350 441 3442 ἔργων
462 3378 498 3421 τε
520 3351 662 3436 πάντων,
686 3343 731 3420 ὧν
751 3352 847 3439 νόμοι
870 3351 1062 3442 πρόκεινται

342 3453 520 3542 ὑψίποδες,
542 3451 695 3544 στ’ρανίαν
746 3523 753 3538 ,

345 3555 387 3626 δι’
408 3555 533 3646 αἰθέρα-
551 3559 778 3642 vavasores,
801 3549 1030 3644 ὧνὌλνμιτσς

343 3660 453 3749 πατὴρ
473 3657 582 3744 μόνος,
605 3656 683 3729 oo'de'
703 3688 753 3730 νιν

342 3760 452 3830 θνατὰ
473 3761 573 3852 φύσις
593 3760 714 3853 σῖνὲρων

347 3863 481 3948 ἔτικτεν,
504 3862 580 3934 οὐδὲ
599 3865 732 3956 μήποτε
753 3864 845 3936 λάθα
866 3864 1103 3956 κατακοιμάσῃ·

342 3966 447 4054 μέγας
465 3967 499 4036 ἐν
519 3966 650 4047 τούτοις
671 3965 765 4049 θεός,
785 3965 863 4037 στ’δὲ
884 3966 1037 4058 γηράσκει
1053 3974 1088 4056 ¹).

328 4158 356 4228 ¹).
388 4158 468 4227 Quae.
485 4159 583 4214 eadem
604 4159 740 4228 expressit
762 4159 857 4216 Cicero
880 4178 907 4229 p.
931 4159 1027 4214 Milon.
1054 4160 1082 4214 0.
1102 4161 1147 4228 IV,
1172 4160 1195 4232 ξ.
1218 4163 1262 4214 10:
1297 4161 1364 4214 »Est

258 4245 345 4315 igitur
363 4246 433 4300 haec
449 4261 506 4299 nou
524 4247 629 4316 scripta
646 4248 694 4302 sed
711 4251 778 4302 nats
790 4248 843 4313 lex,
863 4263 945 4316 quam
957 4265 1013 4302 non
1026 4248 1180 4318 didicimus,
1199 4248 1363 4318 accepimus,

258 4333 390 4403 legimus,
417 4350 512 4387 verum
530 4351 564 4387 ex
582 4340 682 4389 natura
701 4335 762 4404 ipsa
783 4335 961 4404 arripuimus,
989 4334 1144 4404 hausimus,
1172 4336 1363 4407 expressimus,

258 4421 297 4477 nd
313 4436 399 4489 quam
412 4438 469 4476 non
485 4421 562 4478 docti
578 4423 627 4478 sed
644 4422 720 4491 facti,
738 4439 793 4476 non
810 4422 933 4476 instituti
951 4424 999 4478 sed
1016 4423 1117 4478 imbuti
1134 4441 1252 4478 sumus«
