3334 5217
755 848 784 924 ᾖ.
816 844 845 908 8.

330 1012 418 1076 Haec
440 1012 537 1093 igitur
559 1014 607 1072 est
628 1008 821 1090 reipublicae
844 1008 956 1085 forma,
980 1008 1083 1088 qualis
1103 1007 1273 1071 secundum
1288 1008 1354 1070 Ho-

244 1136 368 1179 merum
391 1114 518 1178 heroica
540 1118 644 1176 aetate
667 1111 753 1194 apud
775 1109 915 1174 Graecos
939 1111 1073 1188 exstitit,
1096 1109 1292 1192 paucissimis
1314 1110 1354 1173 11-

244 1217 432 1293 0001000110,
455 1220 609 1296 quantum
630 1214 673 1277 ad
694 1219 839 1276 nostrum
855 1214 1051 1295 propositum
1072 1212 1219 1295 pertinet,
1242 1213 1354 1276 adum·
1407 1202 1410 1209 ¹

244 1319 348 1382 brata.
400 1316 474 1380 Jam
495 1317 675 1394 videamus,
710 1315 868 1396 quomodo
890 1315 1061 1398 Sophocles
1083 1316 1117 1378 in
1139 1314 1353 1382 describendis

245 1420 387 1500 antiquis
415 1418 478 1482 11110
507 1418 702 1502 temporibus
739 1439 809 1481 eam
839 1418 1020 1494 retinuerit,
1059 1416 1216 1498 quomodo
1246 1406 1301 1479 ab
1316 1437 1354 1479 ea

246 1522 441 1599 discesserit,
474 1543 581 1585 rerum
609 1521 658 1584 sui
687 1521 839 1602 temporis
869 1526 985 1586 statum
1016 1527 1150 1584 secutus.
1195 1520 1298 1600 Atque
1320 1520 1353 1582 10

245 1626 428 1687 universum
450 1624 643 1688 monendum
665 1629 728 1701 est,
765 1623 902 1688 formam
924 1622 1048 1704 imperii
1071 1626 1233 1685 externam
1254 1621 1294 1685 ab
1316 1640 1353 1684 eo

246 1747 378 1808 prorsus
400 1727 442 1790 ad
464 1727 593 1791 Homeri
616 1709 794 1808 exemplum
815 1747 883 1790 esse
906 1724 1105 1789 delineatam.
1149 1723 1260 1804 Itaque
1275 1721 1355 1786 The-

246 1829 314 1907 bis,
345 1828 492 1907 Athenis,
523 1827 663 1912 Mycenis
692 1829 832 1911 singulos
860 1849 949 1910 reges
972 1849 1113 1893 summae
1136 1849 1241 1892 rerum
1263 1847 1354 1909 prae-

248 1952 317 1995 esse
337 1931 523 2010 invenimus,
544 1953 646 2012 neque
662 1930 875 1996 desideramus
891 1931 972 1996 illud
994 1931 1158 2014 consitium
1179 1950 1355 2012 procerum,

248 2033 437 2114 quibuscum
459 2055 548 2116 reges
570 2033 656 2116 apud
676 2033 848 2097 Homerum
871 2033 909 2098 de
931 2034 1122 2116 gravissimis
1137 2033 1231 2097 rebus
1247 2034 1354 2114 agunt.

248 2135 320 2199 Huc
348 2135 506 2199 referendi
535 2141 609 2199 sunt
637 2131 726 2221 χόροι
752 2129 912 2200 Ἀττικῶν
935 2142 967 2200 01
993 2137 1166 2222 Θηβαϊκῶν
1187 2130 1377 2220 γερόντων,.

249 2239 360 2319 00110
382 2237 503 2320 Oedipo
526 2236 681 2316 Coloneo,
711 2236 832 2320 Oedipo
855 2238 1020 2322 Tyranno,
1053 2239 1212 2321 Antigona
1234 2239 1267 2300 in
1290 2257 1356 2300 sce·

249 2362 325 2403 nam
346 2341 574 2422 producuntur.
619 2341 705 2416 Quos
726 2341 759 2403 10
784 2343 888 2424 Antig.
910 2365 938 2406 v.
957 2341 1018 2404 155
1041 2363 1109 2423 sqq.
1131 2342 1164 2405 in
1187 2339 1355 2404 concilium

250 2464 271 2506 a
289 2441 423 2506 Creonte
445 2450 574 2507 vocatos
596 2442 781 2521 invenimus,
804 2450 840 2506 ut
862 2445 899 2508 110
924 2465 996 2508 suas
1018 2443 1196 2527 imperandi
1217 2443 1356 2506 rationes

249 2551 397 2627 exponat.
442 2545 624 2608 Auctoritas
647 2551 753 2609 autem
776 2567 885 2610 eorum
906 2568 971 2609 non
993 2546 1087 2610 modo
1110 2568 1149 2610 ex
1171 2567 1208 2609 ea
1231 2566 1265 2608 re
1288 2564 1355 2607 cer-

248 2648 345 2725 nitur,
369 2647 454 2728 quod
476 2648 527 2731 Aj.
552 2647 610 2710 731
635 2639 748 2733 ἄνδρες
770 2646 917 2733 γέροντες
938 2647 1078 2713 furorem
1099 2647 1301 2723 Achivorum,
1323 2647 1356 2708 in

249 2748 405 2813 Teucrum
419 2756 573 2827 exortum,
595 2751 697 2814 verbis
720 2751 938 2833 mitigantibus
962 2757 1165 2833 componunt,
1192 2749 1356 2814 sedetiam

251 2851 413 2914 nonnullis
434 2851 512 2915 10010
535 2851 727 2916 honorificas
747 2853 976 2936 appellationes
997 2854 1036 2917 iis
1058 2853 1233 2918 invenimus
1256 2853 1358 2934 impo-

250 2954 328 3016 sitas
350 2974 434 3031 esse3
469 2956 578 3036 itaque
601 2955 707 3037 Autig.
731 2955 794 3017 940
827 2951 937 3041 Θήβης
966 2949 1148 3038 κοιρανίδαι
1166 2957 1208 3040 ¹),
1242 2977 1270 3018 v.
1294 2952 1356 3016 988

255 3050 366 3140 Θήβης
394 3049 545 3135 ἄνακτες,
586 3055 662 3120 Oed.
685 3056 755 3140 Tyr.
779 3058 841 3119 911
870 3054 975 3141 χώρας
1003 3049 1152 3137 ἄνακτες,
1190 3055 1266 3120 0011.
1290 3054 1356 3119 Col.

251 3156 313 3219 831
337 3162 394 3242 γῆς
415 3151 566 3238 ἄνακτες,
598 3182 627 3222 v.
653 3159 713 3222 145
732 3155 839 3243 χώρας
861 3156 975 3246 ἔφοροι
996 3155 1209 3223 nominantur.
1253 3160 1357 3238 Atque

249 3261 352 3342 plebis
374 3262 443 3343 ipsa
465 3263 571 3326 contio
595 3262 681 3325 haud
703 3262 835 3326 obscure
858 3262 1106 3346 1110121000.
1130 3261 1185 3345 (ci.
1203 3261 1264 3324 149
1273 3269 1356 3343 000.)

249 3362 481 3442 101110010001,
510 3384 702 3446 quamquam
731 3365 775 3428 ibi
804 3366 843 3428 de
870 3365 1010 3430 exercitu
1037 3371 1162 3429 tanturn
1186 3370 1357 3430 convocato

250 3472 433 3530 00100100.
478 3467 521 3530 At
549 3468 577 3530 si
605 3468 669 3531 vim
698 3469 879 3548 quaerimus
906 3469 1106 3544 interiorem,
1139 3487 1234 3548 quam
1263 3472 1359 3548 poeta

250 3570 335 3651 regis
361 3569 492 3652 imperio
502 3621 519 3652 ,Ι
540 3570 690 3651 potestati
718 3590 901 3650 procerum,
931 3570 1032 3652 plebis
1058 3570 1191 3653 juribus}
1215 3568 1358 3652 subjecit,

250 3693 325 3735 eum
345 3692 475 3754 prorsus
497 3672 545 3736 sui
566 3673 717 3754 temporis
739 3678 855 3736 statum
876 3674 981 3736 animo
997 3672 1056 3736 sibi
1071 3670 1240 3749 effinxisse,
1262 3678 1358 3751 atque

250 3775 326 3838 inde
342 3773 486 3838 heroicae
502 3775 638 3840 civitatis
657 3775 869 3840 conditionem
892 3775 1081 3859 dijudicasse
1104 3779 1135 3839 et
1157 3774 1358 3856 descripsisse

251 3897 486 3957 cognoscemus.

252 4159 319 4213 ριος,
339 4143 366 4191 οἱ
385 4139 416 4192 δὲ
437 4137 567 4210 ἡγεμόνες
584 4142 630 4191 καὶ
648 4143 698 4192 τοῦ
716 4139 825 4212 πρᾶξαι.
863 4137 890 4190 G.
904 4137 949 4190 Fr.
962 4137 1111 4206 Hermann,
1131 4136 1238 4190 Griech.
1255 4136 1358 4188 Staats-

250 4229 373 4283 Alterth.
392 4228 416 4298 ξ.
429 4229 454 4295 8,
467 4231 510 4281 20.
545 4229 736 4283 Wachsmuth.
755 4227 855 4279 1101100.
869 4225 1134 4278 Alterthumskunde
1153 4225 1173 4292 Ι,
1193 4243 1220 4293 p.
1235 4225 1285 4274 345
1299 4242 1357 4292 sqq.

327 4318 347 4383 ¹)
384 4317 418 4370 cf.
438 4315 522 4370 schol.
542 4316 576 4369 ad
594 4318 621 4369 h.
639 4318 657 4368 1,
681 4311 797 4367 εἰώθασι
820 4310 875 4384 γὰρ
892 4311 925 4365 οὐ
942 4309 1031 4384 μόνον
1049 4308 1112 4370 τοὺς
1129 4314 1262 4378 βασιλεῖς,
1290 4308 1358 4364 ἀλλὰ

252 4406 301 4458 καὶ
318 4400 381 4462 τοὺς
400 4401 526 4462 ἐνδόξους
540 4408 596 4455 τῶν
614 4406 734 4467 πολιτῶν
751 4404 840 4472 λέγειν
859 4402 927 4471 (scil.
945 4397 1108 4473 κοιράνους).
