3334 5217
748 489 757 507 ’
856 515 899 582 40

323 703 378 785 qui
398 701 485 785 apud
498 702 673 787 Arginusas
689 702 808 768 insulas
825 703 1064 769 Atheniensium
1078 701 1228 766 exercitui
1250 705 1432 784 praeerant,

320 805 389 887 jam
417 804 494 868 satis
522 803 677 886 probatur
693 806 727 888 ¹).
778 805 827 869 Ex
856 807 914 870 tali
943 811 1049 871 autem
1077 825 1183 868 rerum
1211 809 1296 868 statu
1324 809 1431 887 poeta,

323 926 394 970 cum
412 905 610 972 Achaeorum
631 906 783 971 exercitui
804 907 938 972 similem
960 909 1148 989 potestatem
1170 906 1324 984 tribuerit,
1342 905 1432 990 judi-

323 1028 411 1071 casse
432 1007 592 1089 putandns
614 1012 670 1072 est.
1360 1075 1362 1078 .

405 1109 502 1174 Nulla
530 1130 603 1174 vero
630 1132 664 1175 re
690 1111 790 1193 magis
811 1110 930 1174 liberae
952 1111 1146 1194 reipublicae
1169 1111 1268 1175 civem
1288 1109 1372 1174 idem
1395 1132 1432 1175 se

319 1211 483 1295 praebuit,
516 1232 612 1293 quam
645 1213 731 1295 quod
758 1213 904 1277 heroicae
933 1213 1047 1276 aetatis
1074 1234 1164 1294 reges
1194 1212 1350 1295 conjure
1373 1212 1432 1276 he-

320 1313 490 1391 reditario,
527 1314 582 1378 sed
605 1336 643 1380 ex
666 1315 829 1380 voluntate
851 1315 960 1398 populi
982 1315 1147 1398 imperium
1169 1314 1246 1380 facit
1273 1314 1432 1396 accipien-

319 1421 376 1480 tes.
435 1416 526 1493 Quod
561 1417 639 1481 setis
675 1417 865 1500 perspicitur
899 1437 916 1480 e
947 1437 1023 1482 voce
1056 1417 1113 1480 illa
1145 1415 1289 1483 Creontis
1321 1419 1430 1501 Antig.

322 1539 351 1581 v.
373 1517 455 1581 670:

447 1613 518 1685 ἀλλ’
539 1610 576 1684 ὃν
599 1616 698 1698 πόλις
720 1616 863 1708 στήσειε,
887 1621 984 1686 τοῦδε
1004 1617 1062 1708 χρὴ
1084 1617 1202 1702 κλύειν,

320 1743 456 1806 quacum
483 1721 691 1788 conferendus
715 1729 763 1787 est
785 1723 861 1787 Oed.
883 1723 954 1808 Tyr.
976 1746 1004 1788 v.
1028 1723 1091 1787 939
1114 1745 1199 1807 sqq,
1221 1724 1276 1790 ubi
1297 1724 1429 1791 nuntius

319 1823 472 1889 Corintho
495 1822 618 1889 Thebas
639 1824 682 1888 ad
703 1824 858 1908 Oedipum
879 1825 992 1890 missus
1014 1827 1192 1891 renuntiat:

447 1921 601 2011 τύραννον
623 1919 723 1990 αὐτὸν
745 1921 940 2013 οὑπιχώριοι
959 1923 1082 2009 χθονὸς
1129 1995 1135 2005 ,

445 2032 503 2115 τῆς
523 2022 652 2110 Ἰθμίας
674 2024 863 2116 στήσοοοιν,
887 2025 932 2107 οἷς
955 2022 1068 2116 qv’ddr’
1090 2026 1165 2109 ἐκεῖ,

318 2151 510 2214 quamquam
532 2130 700 2214 Oedipodi,
730 2129 847 2214 quippe
869 2133 924 2212 qui
944 2153 1002 2215 pro
1024 2131 1136 2216 Polybi
1157 2131 1223 2197 filio
1246 2131 1428 2212 haberetur,

317 2255 449 2316 regnum
471 2239 639 2316 paternum
658 2234 730 2316 jure
752 2233 944 2298 hereditario
968 2239 1037 2299 erat
1060 2236 1302 2317 suscipiendum.

401 2335 569 2399 Praeterea
590 2340 696 2400 autem
716 2335 860 2399 homines
882 2335 991 2401 doctos
1014 2357 1079 2400 non
1101 2337 1198 2420 fugit,
1237 2339 1427 2404 sententiam

316 2437 414 2514 illam,
438 2454 533 2517 quam
554 2443 649 2519 poeta
670 2436 848 2520 Antigonae
870 2438 991 2515 tribuit,
1014 2441 1183 2522 praecipue
1205 2440 1427 2506 accommoda-

317 2544 384 2602 tam
405 2559 473 2602 esse
492 2537 534 2602 ad
551 2537 640 2602 illum
656 2544 783 2617 statum,
807 2541 862 2622 qui
877 2542 975 2623 ipsius
990 2540 1155 2624 Sophoclis
1170 2546 1312 2625 tempore
1327 2541 1427 2608 Athe·

316 2640 472 2705 niensium
500 2640 692 2726 reipublicae
714 2641 775 2706 fuit
795 2645 960 2725 proprius,
990 2665 1062 2708 cum
1083 2642 1227 2726 *Pericles
1257 2665 1277 2708 a
1306 2644 1426 2727 populo

316 2763 457 2808 summae
477 2765 584 2807 rerum
598 2744 785 2825 praefectus
807 2745 905 2809 totius
921 2745 1055 2811 civitatis
1077 2745 1258 2811 absolutum
1279 2746 1345 2812 fere
1365 2747 1426 2812 im-

317 2844 439 2926 perium
460 2843 625 2909 obtinebat
637 2847 676 2929 2).
721 2843 818 2928 Cujus
841 2851 961 2928 quanta
982 2847 1078 2913 fuerit
1098 2851 1248 2930 potentia,
1270 2849 1425 2931 imprimis

316 2944 511 3029 Thucydidis
536 2947 592 3010 illo
622 2948 846 3030 comprobatur
871 2950 993 3034 judicio
1024 2952 1044 3016 l.
1067 2951 1107 3030 ΙΙ,
1131 2949 1164 3014 0.
1188 2951 1246 3015 65:
1281 2948 1424 3036 ἐγίγνετο

318 3047 398 3131 (scil.
422 3043 442 3135 ἡ
464 3044 547 3112 κατὰ
572 3047 732 3134 Περικλέα
754 3047 920 3131 πολιτεία)
942 3075 978 3116 τε
999 3049 1084 3138 λόγῳ
1107 3049 1315 3141 δημοκρατία,
1340 3049 1425 3140 ἔργῳ

318 3143 354 3214 δὲ
379 3144 450 3214 ὑπὸ
478 3155 537 3215 τοῦ
566 3146 699 3235 πρώτου
728 3146 845 3237 ἀνδρὸς
872 3147 951 3240 α’ρχή
967 3157 1006 3240 3).
1056 3155 1164 3238 Neque
1185 3156 1247 3221 hoc
1267 3157 1337 3221 loco
1359 3157 1425 3222 alia

316 3273 368 3318 res
390 3251 568 3330 simillima,
591 3254 735 3335 quamvis
754 3255 892 3334 minuta,
915 3258 1089 3323 omittenda
1109 3258 1250 3337 videtur,
1273 3260 1363 3344 cujus
1384 3259 1422 3324 Ε.

320 3353 447 3419 Curtius
468 3354 541 3419 hist.
567 3353 679 3420 Graec.
702 3356 742 3434 11,
763 3379 793 3439 p.
818 3356 933 3421 69211.
955 3359 998 3423 40
1022 3361 1213 3426 mentionem
1235 3361 1318 3426 fecit.
1363 3361 1424 3440 Qui

317 3457 491 3522 rectissime
513 3457 592 3522 mihi
610 3458 734 3524 videtur
755 3459 924 3538 monuisse,
947 3482 1045 3526 exea
1067 3484 1111 3541 re,
1137 3463 1223 3545 quod
1244 3470 1321 3528 tunc
1343 3465 1424 3530 teni-

205 3560 206 3563 ’
317 3560 404 3643 poris
423 3559 560 3625 Pericles
583 3561 768 3626 continuata
788 3561 846 3626 illa
868 3561 1021 3646 dignitate
1043 3564 1247 3648 imperatoria
1264 3566 1360 3632 fuerit
1373 3567 1425 3632 in·

317 3665 456 3727 structus
470 3662 517 3746 ⁴),
549 3662 773 3746 exphcandum
802 3685 869 3728 esse
891 3665 1080 3732 vocabulum
1103 3663 1298 3755 στρατηγός,
1336 3669 1424 3752 quod

388 3945 410 4013 ¹)
447 3944 482 3997 cf.
500 3945 569 3998 Xen.
582 3944 690 3998 Hellen.
706 3945 727 4013 l,
742 3944 771 4012 73
790 3944 980 4014 Wachsmuth,
999 3945 1098 4001 hellen.
1109 3948 1248 4002 Alterthk.
1266 3949 1301 4018 Π,
1320 3968 1345 4019 p.
1360 3952 1421 4005 251.

388 4033 411 4095 λ)
448 4032 483 4085 cf.
502 4032 619 4099 Siivern,
643 4031 712 4085 fiber
731 4032 819 4102 einige
837 4032 1001 4087 historsiche
1018 4035 1075 4088 und
1093 4037 1240 4104 politische
1257 4023 1423 4107 Αῐιιρίοίἶιᾘἱ
1517 4105 1520 4114 Ι

316 4137 369 4189 gen
386 4119 415 4171 in
433 4119 483 4173 der
501 4119 575 4172 alten
593 4118 753 4188 Tragoedia
768 4148 799 4158 -
825 4121 1048 4190 Abhandlungen
1067 4124 1117 4177 der
1134 4123 1261 4177 Berliner
1274 4126 1426 4186 Academia

317 4227 341 4261 a.
363 4209 439 4260 1824.
457 4224 484 4274 p.
507 4208 535 4256 14
550 4222 608 4274 sqq.
626 4206 812 4277 (histor-phil.
831 4207 943 4276 Classe.)
1416 4075 1526 4438 Ὺ

387 4294 410 4361 ³)
448 4293 482 4347 cf.
503 4293 576 4347 Plnt.
593 4311 619 4348 v.
637 4293 735 4349 Pericl.
753 4296 780 4349 C.
794 4296 842 4364 lx,
860 4295 920 4350 init.
957 4296 1053 4350 Moral.
1072 4315 1099 4366 p.
1118 4299 1170 4350 802
1183 4291 1231 4352 Β.’

386 4381 410 4449 ⁴¹)
446 4381 482 4435 cf.
500 4381 572 4435 Plut.
589 4398 615 4436 v.
633 4381 731 4437 Periol.
760 4384 788 4437 G.
801 4383 875 4440 XVI.
929 4405 930 4412 ¹
