3334 5217
825 479 867 544 32

802 729 831 806 ξ.
857 725 892 801 Ι9.

380 887 425 952 Ut
446 888 583 972 primum
604 888 647 952 ad
668 909 722 952 eos
743 887 896 968 homines,
919 909 997 971 quos
1019 889 1106 972 regia
1128 889 1283 971 dignitate
1304 908 1402 952 orna-

295 996 345 1054 tos
375 996 469 1073 poeta
497 991 531 1054 in
560 1009 687 1055 scenam
715 991 883 1073 produxit,
920 991 1061 1055 animum
1090 991 1307 1069 advertamuS,
1342 990 1401 1055 So-

295 1092 441 1175 phoclem
470 1113 523 1157 eos
551 1093 585 1156 in
611 1093 792 1157 universum
815 1113 853 1157 ea
875 1093 1077 1176 descripsisse
1099 1095 1245 1177 opinione
1273 1094 1400 1176 praeju-

296 1194 414 1273 dicata,
438 1193 606 1259 disemum
626 1200 684 1272 est,
708 1215 771 1277 qua
790 1212 1046 1276 unumquemque
1068 1195 1187 1260 liberae
1207 1195 1401 1279 reipublicae

295 1298 395 1369 civem
403 1333 423 1374 ,·
447 1297 635 1379 praesertim
664 1297 767 1378 quahs
796 1296 1036 1362 Atheniensium
1071 1297 1127 1362 illo
1156 1305 1298 1381 ternpore
1327 1298 1399 1377 fuit,

295 1398 368 1463 duci
403 1401 551 1483 oportuit.
609 1397 667 1462 Cui
694 1419 904 1482 unaquaeque
938 1405 1079 1482 potestas
1112 1399 1259 1465 absoluta
1291 1421 1350 1465 nec
1380 1419 1401 1465 a

294 1501 413 1584 populo
441 1501 561 1565 tradita
588 1521 655 1565 non
680 1502 769 1584 justa
798 1501 922 1584 imperii
944 1501 1064 1580 forma,
1095 1502 1151 1567 sed
1172 1501 1346 1569 dominatio
1368 1510 1401 1569 et

293 1605 439 1688 tyrannis
460 1601 626 1669 videbatur
647 1623 725 1667 esse.
768 1603 819 1666 Ad
846 1602 930 1668 hanc
957 1624 1031 1668 vero
1060 1625 1128 1669 rem
1156 1603 1237 1670 illud
1264 1607 1400 1671 multum

293 1707 450 1785 faciebat,
487 1704 574 1788 quod
595 1705 819 1783 Athenienses,
852 1713 974 1787 quanta
995 1707 1165 1788 iniquitate
1186 1729 1250 1772 uno
1273 1710 1400 1774 saeculo

294 1816 369 1874 ante
390 1809 519 1893 tyranni
540 1810 682 1890 ipsorum
696 1807 806 1872 urbem
823 1827 1007 1892 oppressam
1021 1811 1206 1888 tenuissent,
1228 1817 1402 1877 nouerant

293 1913 501 1976 immemores.
545 1909 673 1987 Quanto
695 1914 803 1974 autem
831 1931 940 1975 eorum
970 1911 1040 1976 odio
1063 1911 1251 1978 inflammati
1272 1913 1401 1992 fuerint,

293 2014 540 2097 locupletissimo
568 2013 624 2077 illo
655 2011 815 2095 Euripidis
843 2015 1022 2078 testimonio
1053 2015 1293 2098 comprobatur,
1327 2038 1403 2081 cum

286 2117 381 2181 dicat
401 2116 510 2199 Suppl.
532 2137 561 2179 v.
584 2115 648 2178 429
670 2136 739 2197 sqq.
760 2119 805 2200 ¹):

421 2213 516 2283 οὐδὲν
536 2214 691 2303 τυράννου
715 2216 966 2303 δυσμενέστερον
987 2214 1095 2299 πόλει,

422 2315 509 2385 ὅπου
529 2317 568 2383 τὸ
590 2319 650 2402 μὲν
672 2315 860 2405 πρώτιστον
882 2314 940 2384 οὐκ
962 2314 1046 2384 εἰσὶν
1068 2317 1163 2402 νόμοι

420 2419 535 2501 κοινοί,
558 2427 670 2509 κρατεῖ
692 2417 722 2488 d’
736 2412 785 2500 εἷς
807 2419 865 2486 τὸν
886 2418 985 2505 νόμον
1006 2409 1199 2510 κεκτημένος

421 2519 521 2602 αὐτὸς
542 2519 620 2610 παρ)
641 2520 741 2611 αὐτῷ·
764 2522 820 2589 καὶ
842 2519 911 2590 τόδ’
935 2517 1040 2590 οὐκέτ’
1062 2520 1128 2591 ἔστ’
1149 2519 1232 2591 ἴσον.

379 2628 431 2693 Illi
459 2635 566 2693 autem
601 2636 811 2712 tyrannorum
842 2627 931 2706 odio,
969 2629 1054 2710 quod
1085 2630 1203 2695 civibus
1232 2627 1402 2707 insidebat,

293 2737 388 2814 poeta
422 2731 656 2812 quodammodo
692 2730 816 2794 videtur
853 2729 1058 2809 satisfecisse,
1096 2749 1193 2812 quum
1221 2728 1402 2813 Oedipodis,

294 2832 455 2909 Creontis,
489 2832 753 2914 Agamemnonis,
789 2832 949 2915 Aegisthi,
988 2853 1122 2915 quorum
1154 2834 1286 2914 quisque
1315 2835 1402 2916 regia

294 2935 447 3018 dignitate
469 2941 518 2998 est
539 2934 685 3013 indutus,
719 2955 823 3000 mores
846 2936 927 3000 tales
955 2934 1129 3015 effinxerit,
1162 2935 1272 3019 quales
1300 2936 1404 3000 omni-

293 3060 334 3102 no
357 3044 566 3121 tyrannorum
587 3037 707 3120 proprii
728 3037 937 3102 habebantur.
990 3041 1035 3102 Ao
1064 3039 1179 3103 mirum
1207 3037 1242 3102 in
1271 3039 1402 3102 modum

294 3141 483 3205 nouaclum
507 3160 561 3204 eas
590 3146 675 3204 artes
704 3146 736 3204 et
763 3139 1015 3204 machinationes
1047 3137 1253 3222 significavit,
1285 3141 1402 3221 quibus

248 3279 252 3286 ·
294 3243 433 3307 omnium
454 3246 631 3323 temporum
652 3242 790 3324 tyranni,
811 3248 849 3307 ut
870 3263 994 3306 smnma
1016 3263 1122 3306 rerum
1144 3246 1331 3325 potirentur,
1352 3243 1403 3306 uti

293 3349 538 3422 consueverunt,
575 3343 630 3408 sed
657 3345 753 3430 etiam
773 3350 875 3408 totam
897 3365 1005 3409 eorum
1028 3343 1213 3410 dominandi
1234 3346 1401 3423 rationem,

293 3468 357 3530 qua
386 3444 621 3511 acerbissimum
651 3446 765 3510 civium
797 3446 905 3511 odium
937 3447 997 3511 sibi
1028 3447 1217 3512 contrahere
1246 3445 1401 3525 solebant,

291 3547 403 3614 iisdem
423 3550 565 3632 personis
586 3548 707 3614 tribuit.
751 3548 916 3632 Ejusmodi
937 3553 1044 3614 autem
1065 3549 1271 3614 dominatoris
1295 3569 1403 3613 exem-

293 3651 366 3735 plar
391 3653 426 3716 in
456 3649 589 3716 Creonte
617 3652 770 3734 imprimis
805 3651 897 3716 uobis
926 3652 1033 3734 posuit
1067 3660 1140 3717 ante
1170 3653 1286 3717 oculos.
1339 3647 1400 3728 Qui

294 3776 389 3836 quam
420 3753 606 3838 popularem
637 3760 669 3818 et
699 3752 896 3818 moderatum
927 3774 960 3817 se
989 3758 1132 3836 praestat
1158 3755 1191 3818 in
1221 3751 1296 3817 Oed.
1327 3753 1399 3836 Tyr.

293 3856 420 3935 fabula,
452 3877 550 3938 quum
570 3855 688 3939 populo
711 3856 919 3920 amicissimus
942 3854 996 3938 (cf.
1019 3878 1047 3920 v.
1070 3856 1134 3919 596
1155 3856 1257 3940 sqq),
1293 3857 1401 3937 singu-

291 3960 359 4024 lare
379 3959 546 4042 imperium
567 3979 632 4025 non
653 3958 748 4023 modo
769 3978 836 4022 non
857 3963 983 4041 petere,
1007 3958 1061 4023 sed
1084 3978 1213 4042 prorsus
1234 3959 1401 4041 aspernari

295 4083 328 4128 se
357 4059 561 4140 confiteatur3
598 4061 637 4126 ef.
666 4083 695 4126 v.
724 4061 787 4125 586
810 4082 879 4143 sqq.
909 4060 973 4124 592
997 4081 1064 4144 sqq.
1083 4061 1121 4146 ²).
1179 4059 1263 4125 Satis
1291 4065 1400 4124 autem

366 4269 386 4339 ¹)
423 4267 459 4324 cf.
476 4267 659 4337 Nigelsbaeh
676 4267 823 4322 nachhom.
841 4267 973 4336 Theolog.
990 4282 1016 4334 p.
1030 4267 1093 4320 304.

364 4357 387 4426 2)
422 4355 501 4424 Quod
519 4356 555 4410 ad
573 4356 786 4424 appellationem
804 4351 936 4426 triparcos
956 4356 1045 4423 ipsam
1063 4353 1173 4423 attinet,
1192 4367 1263 4422 quae
1279 4350 1401 4405 Homero
