3334 5217
866 518 908 586 34

336 710 469 788 Qualem
497 718 603 775 autem
631 731 664 774 se
686 714 829 792 praestat
849 709 933 773 idem
955 707 1056 772 Creon
1080 708 1113 772 in
1135 707 1211 772 Oed.
1234 707 1299 772 Col.
1322 708 1444 787 fabula,

334 812 389 876 ubi
410 814 494 877 tristi
514 814 630 877 aemuli
652 818 737 876 sorte
758 810 801 875 ad
819 811 1016 876 dominatum
1031 809 1186 874 adductus
1201 811 1369 892 imperioso
1390 833 1444 874 ar-

334 915 429 979 bitrio
451 916 486 1004 ln
507 936 579 979 eum
601 914 763 979 consulit?
808 913 941 990 Qualem
962 912 995 976 in
1018 912 1199 994 Antigona?
1243 912 1444 993 Quamquam

336 1016 462 1097 quidem
490 1018 524 1080 in
546 1016 689 1080 oratione
717 1015 786 1093 illa,
818 1037 882 1097 qua
903 1013 1124 1079 'lbebanorum
1147 1014 1329 1096 proceribus
1352 1036 1444 1079 suam

333 1119 511 1202 imperandi
533 1119 689 1182 rationem
711 1118 842 1200 exponit
864 1117 951 1198 (Ant.
975 1115 1036 1180 162
1052 1119 1155 1202 sqq),
1186 1122 1315 1181 strenua
1337 1117 1444 1200 legum

334 1221 609 1286 administratione
632 1221 744 1283 civium
775 1219 873 1283 saluti
900 1225 1140 1302 prospecturum
1169 1239 1202 1282 se
1224 1240 1291 1282 esse
1312 1219 1445 1301 pollice-

333 1331 396 1402 tur,
417 1322 607 1405 procedente
628 1328 736 1386 tamen
751 1321 861 1385 fabula
883 1342 953 1384 eum
975 1320 1075 1402 magis
1100 1341 1190 1385 suam
1211 1321 1309 1403 ipsius
1330 1328 1444 1403 poten-

333 1426 411 1490 tiam
433 1445 530 1506 quam
552 1425 656 1507 legum
679 1423 881 1488 sanctitatem
904 1443 1016 1487 curare
1037 1429 1178 1504 apparet.
1231 1423 1333 1504 Atque
1366 1425 1444 1488 satis

333 1528 462 1611 tyranni
482 1517 684 1592 insolentiam
707 1531 738 1590 et
760 1526 969 1609 pervicaciam
991 1523 1134 1588 indicant
1154 1525 1210 1589 illa
1230 1525 1341 1589 verba:

372 1643 375 1652 '
419 1628 492 1692 Ant.
510 1628 588 1692 736:
609 1621 698 1711 ἄλλοι
719 1624 779 1713 γὰρ
801 1620 821 1713 ἢ
843 1624 916 1709 ἐμοὶ
935 1622 993 1712 χρή
1014 1649 1055 1708 με
1075 1618 1167 1711 τῆσό
1182 1619 1289 1711 ύρχειν
1302 1622 1427 1706 χθονός
1434 1656 1445 1707 ,·

461 1753 491 1794 y.
509 1730 586 1794 738:
610 1722 648 1794 ού
670 1733 731 1795 τοῦ
752 1733 947 1815 κρατοῦντος
968 1723 987 1814 ἡ
1011 1725 1109 1805 πόλις
1131 1723 1295 1809 νομίζεται
1302 1756 1313 1808 ,·

405 1823 408 1834 ’
463 1853 490 1895 v.
509 1832 586 1896 734:
609 1827 710 1907 πόλις
731 1827 791 1916 γὰρ
813 1824 900 1916 ἡμῖν,
925 1823 988 1910 ἁμὲ
1009 1825 1067 1915 χρὴ
1089 1825 1223 1894 τάσσειν
1245 1827 1328 1913 ἐρεῖς

422 1995 425 2001 ,
461 1956 490 1997 v.
505 1933 584 1998 478:
843 1925 881 1995 ού
902 1928 962 2016 γὰρ
985 1928 1116 1995 ἐκπέλει

612 2039 743 2121 φρονεῖν
764 2027 835 2118 μέγ’
851 2029 944 2110 ὅστις
966 2029 1082 2110 δοῦλός
1104 2031 1174 2098 ἐστι
1196 2038 1261 2097 τιῦν
1284 2035 1399 2112 πέλας.

335 2140 450 2221 quibus
472 2159 544 2202 cum
565 2137 707 2202 versibus
730 2136 914 2201 conferendi
942 2141 1016 2199 sunt
1036 2135 1083 2200 illi
1113 2136 1173 2199 291
1191 2157 1259 2218 sqq.
1281 2142 1313 2200 et
1334 2138 1446 2219 impri-

335 2242 394 2306 mis
416 2240 481 2303 670
496 2259 585 2320 sqq:

507 2333 578 2405 ἄλλ’
600 2331 637 2404 ὃν
659 2336 760 2417 πόλις
782 2336 913 2426 στήσειε
934 2341 1031 2405 τοῦδε
1050 2339 1109 2427 χρὴ
1131 2338 1238 2405 κλύειν

506 2439 561 2507 καὶ
586 2439 707 2529 σμικρὰ
727 2439 783 2506 καὶ
805 2438 917 2506 δίκαια
938 2440 993 2506 καὶ
1016 2436 1187 2523 τύνύντια,

335 2546 391 2611 ubi
420 2546 543 2629 imperii
571 2546 735 2628 popularis
766 2545 820 2629 (de
848 2566 910 2627 quo
932 2546 1025 2628 plura
1051 2547 1135 2611 infra
1162 2546 1316 2630 dicemus)
1347 2550 1445 2627 atque
1565 2542 1566 2561 ¹

332 2649 519 2730 imperiosae
549 2648 773 2712 dominationis
804 2648 927 2712 indoles
955 2650 1069 2712 mirum
1098 2650 1132 2712 in
1160 2647 1288 2712 modum
1311 2646 1447 2710 confusa

335 2755 392 2814 est.
437 2750 540 2831 Atque
562 2749 646 2813 hanc
668 2751 797 2831 tyranni
811 2749 992 2813 absolutam
1014 2751 1187 2831 potentiam
1210 2751 1326 2831 optime
1348 2750 1448 2830 signi-

334 2849 468 2915 ficarent
489 2850 546 2914 illa
567 2851 744 2933 Antigonae
766 2851 864 2915 verba
884 2875 912 2914 v.
938 2850 1000 2914 506
1017 2872 1102 2933 sqq:

508 2945 579 3015 ἀλλ’
600 2947 620 3038 ἡ
642 2951 790 3038 τυραννὶς
813 2949 923 3017 πολλά
944 2945 1034 3016 τόλλ’
1057 2947 1241 3035 εὐδαιμονεῖ

507 3045 658 3133 κύξεστιν
681 3047 764 3141 αὐτῇ
787 3055 866 3140 δρᾶν
887 3053 991 3139 λέγειν
1012 3046 1048 3119 θ’
1071 3045 1092 3118 bl
1113 3051 1275 3138 βούλεται,
1564 3127 1565 3138 ¹

335 3155 397 3218 nisi
428 3176 466 3219 ea
495 3176 617 3220 summo
645 3157 717 3239 jure
740 3156 890 3239 Sophocli
911 3157 1170 3241 abjudicarentur
1192 3157 1244 3238 (cf.
1267 3157 1390 3222 Nauck.
1415 3166 1448 3223 et
1564 3197 1565 3230 ι

335 3255 480 3320 Dindorf.
504 3278 532 3321 a.
556 3257 587 3321 h.
611 3258 657 3342 l.).
711 3258 872 3334 Quantum
900 3267 1005 3324 autem
1033 3260 1178 3324 timorem
1207 3260 1270 3324 suis
1298 3259 1448 3343 injecerit
1564 3293 1565 3336 ς

335 3357 472 3434 civibuS‚
508 3379 546 3422 ea
575 3381 609 3422 re
637 3361 772 3423 maxime
794 3363 994 3443 perspicuum
1017 3368 1082 3440 est,
1116 3362 1201 3443 quod
1223 3382 1299 3444 prae
1321 3383 1448 3428 summo
1564 3353 1565 3428 ἶ

335 3465 420 3524 metu
443 3479 500 3528 ora
523 3461 649 3526 occlusa
671 3468 780 3526 tenent
810 3463 865 3545 (cf.
887 3486 917 3527 y.
941 3464 1006 3527 504
1021 3484 1088 3545 sqq.
1118 3465 1213 3548 509),
1250 3484 1448 3545 quamquam
1564 3483 1565 3504 ι

336 3583 445 3626 omnes
473 3567 594 3626 secreto
623 3571 716 3628 atrox
744 3566 811 3648 ejus
842 3565 980 3629 edictum
1016 3566 1247 3643 condemnant,
1288 3565 1375 3646 quod
1405 3587 1448 3630 ex

335 3664 420 3728 haud
434 3663 576 3729 obscuris
588 3665 758 3730 Haemonis
769 3667 873 3730 verbis
886 3667 999 3731 cilicet
1011 3667 1175 3750 colligere3
1198 3667 1242 3731 cf.¹
1254 3667 1448 3748 v.690sqq.:

537 3763 656 3853 τὸγὰρ
680 3764 738 3831 σὸν
760 3761 852 3850 όμμα
874 3765 978 3831 όεινὸν
1001 3761 1093 3852 όνόρὶ
1116 3765 1240 3855 δημότῃ

537 3865 651 3952 λόγους
671 3866 847 3949 τοιούτους,
874 3894 924 3946 οις
946 3867 985 3934 σὺ
1006 3866 1051 3957 μὴ
1073 3868 1189 3956 τέρψει
1211 3867 1323 3935 κλύων.
1392 3900 1396 3906 ’

538 3969 612 4053 ε’μοὶ
633 3965 662 4036 d'
683 3965 812 4036 ἀκούειν
834 3965 909 4036 ἔσθ’
930 3968 997 4036 ὑπὸ
1020 3968 1138 4036 σκότου
1160 3968 1238 4037 τάδε

539 4069 597 4161 τὴν
619 4074 726 4138 παῖόα
746 4098 774 4138 κ.
797 4098 827 4138 τ.
851 4075 900 4154 λ.,·
937 4075 977 4139 cf.
1000 4097 1027 4138 v.
1045 4073 1116 4138 700.
1140 4074 1211 4139 733.

423 4181 528 4259 Atque
551 4178 645 4241 etiam
668 4176 783 4241 chorus
805 4177 985 4259 principum
1000 4176 1221 4240 Thebanorum
1243 4177 1371 4259 tyranni
1394 4199 1452 4242 ar·
1563 4251 1564 4260 ς

336 4282 432 4346 bitrio
453 4281 499 4344 ita
520 4301 553 4344 se
575 4278 712 4362 subjicit,
736 4284 770 4343 ut
791 4278 955 4361 dignitatis
978 4299 1054 4342 suae
1075 4280 1109 4343 in
1128 4278 1290 4360 republica
1305 4279 1451 4360 gerenda

334 4385 429 4467 juxta
449 4403 555 4466 regem
577 4381 605 4445 ei
627 4401 794 4445 concessae
816 4383 968 4446 memoria
992 4401 1123 4464 prorsus
1152 4380 1310 4464 deposita,
1345 4403 1450 4462 quum
