3334 5217
753 558 793 621 21

351 740 459 808 καίτοι
480 748 581 807 κακοῦ
603 741 686 832 πρὸς
707 740 831 827 ἀνδρὸς,
856 737 956 830 όνδρα
979 743 1120 834 δημότην

351 846 451 932 μηδὲν
474 846 621 911 δικαιοῦν
642 849 707 910 τῶν
730 844 923 933 ἐφεστώτων
944 843 1060 914 κλύειν.

220 950 311 1016 illam
332 950 440 1033 legum
461 950 674 1027 severitatem,
697 950 815 1031 quibus
838 951 920 1015 cives
942 973 1007 1016 non
1028 953 1128 1019 alacri
1150 958 1327 1022 animorum

222 1054 353 1136 impetu,
375 1052 431 1116 sed
451 1053 565 1115 timore
587 1052 724 1133 perculsi
748 1052 946 1120 obediebant.
991 1055 1030 1121 cf.
1053 1078 1080 1120 v.
1108 1056 1190 1120 1073
1213 1080 1298 1141 sqq.:

352 1147 391 1217 οὐ
412 1149 472 1238 γὰρ
495 1146 570 1216 ποτ’
593 1145 659 1216 οὔτ’
683 1146 721 1216 δν
744 1150 778 1217 ἐν
800 1151 898 1220 πόλει
921 1150 1016 1238 νόμοι
1038 1157 1145 1236 καλῶς

351 1249 493 1342 φέροιντ’
514 1248 562 1333 όν,
586 1251 671 1319 ἔνθα
692 1251 736 1341 μὴ
760 1253 950 1345 καθεστήκῃ
972 1256 1054 1338 δέος,

350 1351 417 1422 οὔτ’
439 1350 478 1420 dv
501 1353 640 1443 στρατός
660 1379 695 1441 ys
717 1353 893 1444 σωφρόνως
915 1352 1036 1444 όρχοιτ’
1058 1357 1107 1426 ἔτι

351 1459 451 1547 μηδὲν
473 1455 580 1546 φόβον
603 1455 780 1546 πρόβλημα
801 1453 878 1546 μηδ’
900 1455 1014 1538 αἰδοῦς
1034 1459 1123 1543 ἔχων.

264 1614 292 1654 v.
320 1591 417 1655 rore:

351 1689 425 1769 δέος
446 1687 506 1776 γὰρ
528 1679 554 1775 ᾧ
576 1683 750 1772 πρόςεστιν
772 1685 906 1776 αἰσχύνη
929 1685 966 1755 θ’
988 1687 1070 1774 duod

350 1789 511 1880 σωτηρίαν
534 1788 649 1874 ἔχοντα
671 1786 760 1856 τόνδ’
782 1789 957 1858 ἐπίστασο,

308 1923 394 1986 Haec
415 1942 490 1985 vero
512 1924 694 2003 praecepta,
717 1924 874 2000 quantum
890 1921 975 2002 apud
991 1922 1258 1990 Lacedaemonios
1272 1948 1328 1990 va-

222 2027 349 2104 luerint,
371 2046 410 2088 ca
430 2043 465 2087 rc
486 2021 623 2085 maxime
646 2021 884 2103 comprobatur,
907 2022 993 2103 qnod
1010 2023 1105 2106 juxta
1127 2024 1327 2108 Ephororum

221 2127 397 2192 triclinium
422 2123 556 2188 Timonis
582 2123 692 2187 aedem
713 2129 1007 2202 consecraverunt,
1045 2120 1125 2211 „mlv
1156 2123 1328 2192 πολιτείαν

221 2224 367 2311 μάλιστα
397 2224 592 2306 συνέχεσθαι
623 2217 719 2310 φόβῳ
747 2220 966 2306 νομι’ζοντες.“
1010 2226 1093 2291 Plut.
1126 2230 1179 2292 vit.
1210 2229 1326 2295 Cleom.

222 2332 256 2396 G.
280 2331 311 2395 9.
355 2330 394 2395 cf.
418 2326 546 2392 Lobeck
567 2325 610 2390 ad
632 2326 683 2408 Aj.
706 2326 727 2389 l.
750 2325 771 2389 l.

308 2460 357 2523 Ex
371 2457 525 2542 ejusmodi
540 2455 712 2533 sententiis,
728 2455 872 2520 Menelao
888 2456 1025 2535 tributis,
1042 2478 1140 2539 quum
1154 2461 1326 2541 generatim

221 2564 323 2627 Dores
345 2564 568 2643 agnoscantur,
592 2557 652 2621 hoc
674 2557 758 2620 idem
781 2558 983 2640 singulariter
1010 2559 1044 2622 in
1073 2559 1111 2623 iis
1140 2559 1232 2624 nobis
1261 2583 1327 2627 sese

224 2664 316 2729 offert
337 2663 534 2745 opprobriis,
571 2659 685 2741 quibus
704 2659 823 2724 Teucer
845 2660 981 2726 Menelai
1009 2666 1105 2742 etque
1126 2663 1221 2726 etiam
1244 2662 1327 2746 Aga·

223 2767 397 2832 memnonis
426 2763 570 2827 facinora
596 2763 790 2845 perstringit.
834 2762 904 2827 Non
934 2764 1037 2828 dicam
1068 2763 1107 2828 de
1128 2765 1185 2828 illa
1205 2765 1327 2830 fraudis

224 2868 461 2953 significatione,
483 2889 503 2929 a
524 2865 720 2947 Cresphonte
742 2866 776 2929 in
797 2866 1031 2946 provinciarum
1055 2868 1219 2932 sortitione
1234 2889 1328 2934 com-

224 2972 337 3036 missae
360 2971 403 3052 (v.
429 2967 511 3031 1285
534 2972 618 3051 sqq.)
641 2967 767 3030 nonde
790 2965 932 3031 subdolis
954 2968 1086 3045 artibus,
1108 2968 1252 3034 Menelao
1275 2993 1329 3034 ox·

223 3073 384 3156 probratis
407 3072 468 3154 (vv.
494 3069 575 3132 1135
597 3074 629 3133 et
653 3067 773 3153 1137),
801 3070 925 3150 'quibus
954 3070 1048 3133 rebus
1079 3076 1173 3152 poeta
1194 3071 1329 3144 fortasse

222 3176 324 3257 magis
348 3175 381 3237 in
400 3173 580 3238 universum
603 3171 924 3236 Lacedaemoniorum
946 3171 1087 3235 moribus
1102 3173 1259 3237 maculam
1274 3195 1328 3238 vo-

224 3278 284 3343 luit
305 3276 511 3358 adspergere,
541 3296 637 3356 quam
658 3273 857 3338 clandestina
880 3274 1041 3357 exagitare
1064 3274 1216 3352 consilia,
1247 3295 1327 3356 quae

223 3382 257 3443 in
285 3378 379 3442 rebus
408 3375 544 3459 publicis
573 3376 719 3440 solebant
740 3376 886 3458 persequi
909 3415 950 3422 —-
971 3376 1001 3438 id
1026 3375 1153 3456 quidem
1175 3398 1239 3441 non
1261 3379 1326 3442 sine

224 3486 312 3546 certa
328 3478 465 3561 quadam
478 3477 653 3541 intentione
668 3478 708 3541 ab
720 3498 757 3541 eo
768 3476 877 3542 fictum
888 3499 955 3542 esse
965 3477 1098 3556 videtur,
1114 3479 1198 3560 quod
1210 3479 1327 3544 Teucer

223 3583 348 3667 Ajacis‚
371 3581 404 3644 in
426 3601 520 3661 quem
542 3600 664 3643 summa
685 3580 854 3644 insolentia
875 3580 1037 3644 Menelaus
1060 3579 1120 3643 sibi
1142 3581 1237 3643 sumit
1258 3581 1326 3644 ani·

223 3684 440 3761 mamertem,
477 3681 655 3746 libertatem
686 3681 810 3746 disertis
833 3681 936 3746 verbis
958 3680 1121 3746 defendit:
1158 3703 1227 3746 eum
1252 3705 1327 3748 suae

222 3787 345 3851 venisse
366 3785 548 3867 potcstatis,
569 3804 629 3848 nec
651 3784 772 3866 potiore
790 3777 864 3867 jure'
885 3782 1045 3862 Menelao,
1068 3785 1124 3866 qui
1145 3784 1209 3849 dux
1230 3784 1326 3867 Spar-

224 3889 376 3952 tiatarum
398 3886 567 3969 superioris
591 3886 756 3968 cujusdam
779 3886 912 3950 arbitrio
935 3891 1017 3950 esset
1038 3887 1208 3970 subjectus,
1231 3908 1326 3969 qnam

222 3989 315 4073 Ajaci
344 3988 484 4053 omnium
506 3987 698 4052 Achivorum
725 3988 892 4071 imperium
922 3988 982 4052 sibi
1011 3987 1172 4052 vindicare
1199 4009 1265 4053 esse
1287 3989 1326 4052 li·

222 4093 329 4158 citum.
374 4091 412 4155 cf.
435 4113 463 4153 v.
489 4089 708 4155 1097-1106.

233 4305 237 4312 Ι
307 4218 476 4284 Enimvero
515 4219 594 4283 talia
630 4218 801 4302 opprobria
836 4238 966 4299 prorsus
1010 4238 1049 4281 ex
1085 4216 1324 4282 Atheniensium

223 4322 387 4386 sententiis
416 4320 503 4385 dicta
530 4343 619 4399 esse,
655 4322 771 4403 quippe
793 4318 909 4401 quibus
932 4318 1092 4383 simillima
1112 4318 1324 4384 Lacedaemo-

224 4424 352 4489 niorum
372 4423 559 4506 arrogantia
579 4421 671 4486 bellis
693 4421 827 4486 Persicis
849 4427 931 4486 esset
952 4420 1149 4503 repellenda,
1178 4422 1247 4505 jam
1269 4421 1324 4486 alii
