3334 5217
855 548 894 612 14

318 734 574 827 βαρβαρόφωνος
596 736 823 820 compositione
838 735 985 801 concludi
1006 741 1120 818 potest,
1141 737 1330 803 vocabulum
1344 734 1422 825 βάρ

317 848 418 929 βαρος
439 842 541 925 primo
562 838 604 904 ad
625 838 766 921 linguam
781 839 884 903 solum
900 845 1068 922 spectasse,
1089 859 1205 920 eosque
1220 840 1422 924 significasse,

318 947 373 1028 qui
393 963 506 1027 aspero
527 941 666 1023 quodam
685 945 717 1005 et
735 940 898 1006 incondito
918 946 1083 1006 uterentur
1097 961 1239 1006 sermone
1260 944 1295 1027 ¹).
1330 942 1422 1020 Quod

312 1047 435 1130 ‚optime
450 1042 656 1134 confirmatur
676 1044 747 1109 loco
760 1043 816 1108 illo
839 1043 956 1108 Herod.
972 1043 1056 1122 VIII,
1082 1042 1152 1120 135,
1174 1041 1229 1107 ubi
1250 1043 1421 1112 eorundem

319 1147 447 1214 (larium
468 1145 602 1230 γλῶσσα
623 1140 787 1231 βάρβαρος
809 1151 1092 1224 commemoratur3
1129 1144 1219 1209 Pind.
1249 1145 1359 1211 Isthm.
1382 1147 1420 1225 V,

318 1250 361 1314 24
374 1249 432 1314 ubi
446 1244 611 1335 βάρβαρος
625 1242 726 1324 πόλις
740 1269 813 1314 cum
827 1243 1079 1332 παλίγγλωσσος
1094 1248 1309 1330 componitur3
1324 1249 1419 1313 Arist

318 1374 367 1417 av.
394 1351 473 1429 199,
495 1349 550 1415 ubi
572 1356 604 1414 et
625 1371 698 1438 aves
725 1352 811 1433 ipsae
839 1355 970 1433 propter
991 1370 1123 1414 raucum
1146 1349 1316 1414 clamorem
1336 1347 1418 1438 βάρ-

317 1457 414 1541 βαροι
436 1453 594 1518 dic'untur.
638 1451 705 1516 Nec
726 1452 814 1517 aliud
829 1451 1011 1534 quidquam,
1033 1457 1069 1516 ut
1084 1451 1218 1533 denique
1240 1452 1283 1518 ad
1297 1452 1419 1536 Sopho·

318 1556 400 1621 clem
422 1547 527 1640 ipsum
548 1561 734 1637 spectemus,
755 1555 790 1619 in
812 1555 886 1618 Ant.
909 1576 938 1618 v.
963 1553 1043 1617 1001
1060 1573 1146 1635 sqq.:

466 1649 583 1740 ἀγνῶτ’
604 1642 712 1720 ciacon)
734 1651 884 1744 φθόγγον
906 1650 1058 1743 ὀρνίθων,
1081 1659 1170 1741 κακῷ

468 1747 644 1837 κλάζοντας
665 1751 785 1844 οἴστρῳ
806 1755 862 1822 καὶ
883 1756 1171 1844 βεβαρβαρωμένῳ.

318 1866 459 1925 extremo
480 1859 537 1925 illo
557 1861 653 1925 verbo
674 1882 694 1924 a
715 1860 870 1925 vocabulo
891 1856 1055 1948 βάρβαρος
1075 1860 1217 1926 derivato
1238 1881 1420 1944 expressum

317 1984 385 2028 esse
405 1963 589 2028 invenimus.

403 2063 574 2128 Paullatim
595 2068 701 2128 autem
723 2062 831 2128 eadem
862 2084 923 2128 vox
945 2063 1040 2147 plane
1063 2065 1158 2130 aliam
1179 2066 1302 2148 accepit
1323 2065 1420 2150 signi-

317 2165 506 2248 ficationem.
551 2164 689 2230 Graecos
711 2165 805 2242 enim,
834 2185 897 2246 quo
918 2166 1019 2248 magis
1047 2173 1227 2232 exterarum
1255 2169 1420 2233 nationum

317 2268 583 2353 contingebantur
604 2267 769 2343 societate,
796 2286 861 2330 non
884 2266 986 2331 solum
1007 2273 1127 2348 quanto
1148 2269 1289 2351 ipsorum
1310 2268 1420 2352 lingua

317 2370 430 2436 ceteris
462 2369 662 2435 antecederet
693 2369 891 2450 praestantia
908 2370 958 2448 2),
1003 2368 1059 2432 sed
1093 2371 1187 2434 etiam
1218 2371 1302 2435 inter
1332 2371 1418 2453 ipsos

317 2473 459 2554 aliasque
488 2474 597 2554 gentes
626 2471 752 2534 omnino
779 2491 903 2535 morum
930 2474 1026 2553 atque
1046 2471 1164 2554 ingenii
1186 2472 1311 2537 cultura
1333 2494 1418 2538 sum-

316 2595 403 2639 mum
426 2573 594 2638 discrimen
614 2573 781 2651 interesse,
812 2572 987 2656 intelligere
1009 2574 1157 2656 oportuit.
1201 2574 1269 2652 Quo
1297 2574 1418 2641 factum

315 2682 378 2755 est,
407 2681 444 2740 ut
466 2674 507 2740 ab
528 2675 568 2739 iis
585 2674 700 2740 'eodem
720 2675 785 2739 fere
806 2680 963 2756 tempore,
991 2695 1054 2756 quo
1080 2675 1114 2739 in
1135 2696 1189 2740 eos
1210 2681 1247 2740 ut
1267 2698 1364 2742 unam
1386 2683 1418 2741 et

313 2777 475 2860 propriam
496 2776 657 2857 quandam
675 2780 800 2860 gentem
816 2776 989 2840 communis
1008 2775 1067 2839 illa
1080 2776 1252 2858 appellatio
1267 2772 1418 2867 Ἓλληνες

314 2879 488 2945 evalescere
512 2879 680 2961 inciperet,
709 2876 854 2943 omnibus
875 2878 930 2956 iis,
959 2878 1015 2959 qui
1034 2878 1163 2962 originis
1186 2899 1262 2945 suae
1282 2902 1347 2948 non
1368 2901 1417 2946 es-

313 2986 401 3061 sent,
428 3002 544 3045 nomen
563 2979 644 3045 illud
664 2975 829 3066 βάρβαρος
841 2980 1073 3062 imponeretur.
1096 3017 1138 3028 -
1179 2981 1321 3047 Eandem
1342 3003 1417 3048 uero

312 3104 380 3148 rem
411 3081 608 3166 Thucydides
644 3082 714 3147 loco
746 3082 802 3148 illo
830 3081 900 3164 jam
934 3103 1031 3165 supra
1063 3082 1162 3148 allato
1191 3083 1216 3160 1,
1245 3084 1265 3146 3
1292 3084 1416 3150 uidetur

313 3183 467 3266 tetigisse,
505 3183 560 3249 ubi
582 3205 711 3249 causam
732 3181 856 3260 attulit,
892 3205 950 3248 cur
972 3184 1126 3251 Homerus
1147 3180 1331 3271 βαρβάρους
1350 3206 1415 3250 non

312 3285 448 3351 dixerIt:
485 3283 540 3350 διὰ
565 3282 604 3350 τὸ
631 3283 713 3372 μηδὲ
734 3279 891 3370 Ἕλληνάς
922 3307 979 3348 πω
1001 3282 1034 3361 ἐς
1055 3279 1089 3349 ἓν
1111 3278 1215 3368 ὄνομα
1236 3280 1414 3374 ἀποκεκρί-

313 3392 412 3467 σθαι,
437 3408 574 3469 quocum
597 3387 806 3452 conferendus
827 3393 877 3452 est
898 3387 1014 3453 Strabo
1035 3388 1056 3451 l.
1079 3387 1100 3452 l.
1124 3379 1195 3453 εἶτα
1216 3385 1413 3476 καταχρησά-

311 3493 403 3573 peon
432 3485 478 3567 ὡς
504 3487 628 3576 &durani
655 3492 755 3573 κοινῷ
780 3480 917 3570 ὀνόματι
939 3480 1214 3576 ἅντιδιαιρσῦντες
1235 3487 1319 3579 πρὸς
1338 3487 1415 3568 σούς

384 3734 405 3801 ¹)
440 3731 476 3788 cf.
495 3732 589 3800 Steph.
601 3732 665 3800 Byz.
683 3749 705 3786 s.
723 3749 748 3784 v.
760 3725 910 3800 βάρβαρος;
934 3727 984 3782 οὐκ
1002 3731 1051 3784 ἐπὶ
1069 3731 1182 3792 ἔθνους,
1201 3726 1270 3780 Ιαλλ’
1289 3727 1336 3782 ἐπὶ
1355 3747 1414 3799 φω-

250 3824 255 3832 ’
311 3821 360 3884 γῆς
377 3815 552 3889 ἐλαμβάνετο,
571 3814 606 3876 ὡς
618 3813 789 3887 καλὍμηρος
800 3812 863 3875 τοὺς
874 3820 968 3888 Κᾶρας
979 3813 1210 3888 βαρβαροφώοους
1221 3811 1255 3873 ὥς
1267 3818 1415 3888 πολεμίους

310 3907 366 3956 τῶν
383 3903 485 3960 Ἰώνων,
521 3905 612 3960 Strab.
630 3923 654 3960 c.
667 3906 729 3960 662.

381 3993 406 4051 ²)
442 3992 543 4059 Quanti
555 3991 653 4045 Graeci
665 4008 744 4045 suam
755 3991 879 4060 linguam
891 3982 1104 4062 aestimaverint,
1123 3991 1304 4044 barbarorum
1321 3993 1414 4044 autem

312 4079 504 4148 despexerint,
530 4079 666 4148 imprimis
684 4097 718 4132 ex
736 4078 878 4147 Sophoclis
897 4077 995 4130 Trach.
1013 4095 1039 4131 v.
1054 4079 1121 4131 1060
1138 4078 1204 4131 licet
1220 4078 1333 4148 colligi,
1365 4076 1414 4130 ubi

311 4167 441 4236 legimus:
470 4160 534 4216 οὔθ’
552 4161 656 4229 Ἑλλάς,
685 4162 742 4220 οὔτ’
761 4162 903 4236 ἄγλωσσος
926 4165 997 4234 (scil.
1016 4165 1077 4236 γῆ),
1105 4166 1203 4235 quilius
1221 4165 1312 4220 verbis
1330 4169 1414 4232 poeta

311 4254 438 4307 omnIbus
456 4253 506 4320 iis,
524 4253 572 4321 qui
589 4255 644 4307 alia
661 4271 695 4307 ac
714 4253 819 4307 Graece
836 4253 933 4322 lingue.
949 4256 1079 4322 utuntur,
1099 4255 1210 4308 omnino
1226 4253 1356 4321 loquendi
1373 4252 1414 4305 fa·

311 4342 443 4395 cultatem
462 4340 616 4409 abjudicat3
635 4341 688 4395 hac
707 4341 802 4394 eadem
820 4357 855 4393 ex
871 4357 902 4393 re
914 4343 999 4394 etiam
1011 4341 1059 4396 illa
1071 4342 1253 4395 barbarorum
1272 4344 1413 4410 contemp-

309 4430 349 4481 tio
366 4429 551 4499 cognoscitur,
563 4428 604 4484 de
622 4445 676 4498 qua
693 4425 766 4482 inira
781 4428 863 4483 nobis
881 4429 935 4483 erit
956 4427 1112 4485 dicendum.
