3334 5217
809 497 848 560 10

364 681 445 746 Nam
467 681 527 746 hoc
549 702 674 764 quoque
695 703 809 747 nomen
833 705 900 747 esse
922 685 1092 760 recentius,
1125 681 1240 748 Strabo
1271 709 1301 769 p.
1318 685 1379 749 371

277 790 428 861 testatur,
459 806 555 866 quum
584 784 685 848 dicat:
723 778 808 848 οὕτω
830 783 867 849 δὲ
889 782 943 849 καί
966 825 1007 831 -
1029 780 1172 849 Ἀπίαν
1193 781 1379 851 καίἈπι-

279 880 399 963 δίνας
422 881 458 950 oi
482 880 667 972 νεώτεροί
688 908 809 972 φασιν·
840 882 980 974 Ὅμηρος
1009 881 1038 951 δ’
1058 881 1234 964 Ἀπιδόνας
1260 885 1319 969 μὲν
1341 882 1380 951 αὖ

276 986 372 1071 λέγει,
393 980 511 1051 Ἀπίαν
533 985 568 1051 δὲ
589 984 648 1074 τὴν
670 983 784 1074 πόρρω
804 989 939 1071 μᾶλλον.
985 1030 990 1037 -

356 1142 462 1207 Multo
484 1164 557 1207 vero
579 1143 680 1225 magis
701 1142 736 1207 id
757 1143 933 1208 notandum
954 1144 1087 1222 videtur,
1108 1144 1194 1225 quod
1215 1143 1279 1208 illis
1301 1149 1379 1207 tem-

275 1243 414 1329 poribus,
437 1265 571 1326 quorum
593 1244 730 1326 cognitio
753 1266 792 1309 ex
813 1245 943 1310 Homeri
964 1246 1155 1310 carminibus
1177 1244 1268 1312 uobis
1290 1247 1379 1312 colli·

275 1347 378 1430 genda
399 1352 456 1426 est,
479 1347 513 1410 in
534 1345 675 1410 diversas
691 1345 844 1412 Graeciae
865 1354 974 1432 gentes
995 1350 1169 1414 communis
1191 1349 1248 1414 illa
1270 1350 1378 1432 appel·

276 1451 353 1515 latio
367 1444 518 1534 Ἕλληνες
539 1448 680 1512 nondum
702 1449 879 1528 evaluerat;
907 1452 997 1534 cujus
1017 1452 1063 1515 rei
1085 1456 1180 1533 poeta
1201 1451 1268 1533 ipse
1289 1452 1378 1515 testis

275 1558 339 1630 est,
375 1552 429 1634 qui
451 1573 515 1616 non
537 1551 617 1615 alios
638 1552 726 1615 novit
746 1546 897 1638 Ἓλληνες
926 1559 1021 1634 atque
1043 1553 1186 1618 Achaeos
1208 1554 1271 1617 sive
1292 1551 1377 1635 Myr·

275 1654 426 1732 midones‚
449 1655 503 1735 qui
520 1649 635 1730 Ἑλλάς
656 1660 687 1717 et
712 1649 807 1717 oola
821 1654 1001 1720 Thessaliae
1023 1656 1165 1720 civitates
1180 1654 1377 1731 incolebant3

275 1777 338 1838 qua
359 1757 398 1820 de
419 1778 454 1821 re
475 1756 628 1838 imprimis
651 1755 832 1820 conferendi
854 1762 928 1821 sunt
949 1757 984 1821 ll.
1008 1757 1044 1820 B.
1067 1780 1094 1820 v.
1118 1757 1181 1820 685
1197 1778 1287 1839 sqq„
1323 1756 1378 1820 ubi

274 1859 421 1943 legimus:

360 1960 396 2024 οἵ
413 1953 443 2023 τ’
465 1951 550 2040 εἶχον
575 1954 686 2046 Φθίην
707 1952 758 2047 pd'
775 1955 916 2025 Ἑλλάδα
935 1965 959 2038 ¹)
983 1956 1222 2044 καλλιγύναικα,

359 2058 569 2148 Μυρμιδόνες
590 2060 627 2128 δὲ
650 2062 804 2126 καλεῦντο
826 2059 882 2126 καί
895 2058 1047 2148 Ἓλληνες
1068 2058 1124 2126 καί
1140 2055 1276 2143 Ἀχαιοί.
1333 2097 1335 2102 ·

361 2221 405 2286 Ut
433 2242 506 2284 vero
536 2241 643 2283 omnes
673 2219 812 2283 Graecos
840 2242 903 2285 uuo
931 2220 1057 2284 nomine
1088 2220 1375 2303 comprehenderet,

274 2323 445 2389 secundum
467 2344 520 2386 eas
543 2327 661 2404 gentes,
684 2319 798 2403 quibus
820 2321 977 2403 principes
997 2320 1206 2402 expeditionis
1220 2321 1376 2407 Trojanae

272 2427 367 2490 duces
389 2429 568 2507 praeerant,
590 2422 819 2505 appellationes
833 2414 976 2503 Ἀχαιοί,
993 2415 1144 2508 Ἀργεῖοι,
1168 2420 1297 2488 Δαναοί
1317 2426 1376 2490 im-

274 2527 416 2611 posuisse
444 2526 483 2591 iis
513 2547 585 2591 eum
606 2525 781 2589 invenimus
797 2527 837 2610 2).
887 2523 978 2602 Quod
996 2526 1064 2609 jam
1086 2524 1284 2608 Thucydides
1307 2526 1332 2604 1,
1355 2527 1375 2589 3

271 2630 414 2695 notavit:
459 2627 580 2713 Πολλῷ
603 2623 689 2713 (γὰρ)
712 2622 846 2712 ὕστερον
867 2622 917 2692 ἔτι
938 2623 994 2690 καί
1015 2630 1080 2690 τῶν
1104 2630 1255 2713 Τρωικῶν
1283 2624 1374 2712 γενό-

272 2754 369 2813 μενος
400 2730 481 2813 (soil.
502 2726 654 2815 Ὅμηρος)
690 2721 835 2809 ον’ὁαμοῠ
870 2725 946 2804 τούς
981 2725 1171 2811 ξύμπαντας
1207 2724 1374 2812 ὠνόμασεν

272 2833 353 2916 (scil.
368 2826 558 2917 Ἕλληνας),
593 2823 663 2895 ov’d'
683 2824 816 2910 ἄλλους,
840 2823 861 2917 ἢ
882 2827 958 2908 τούς
979 2824 1049 2913 μετ’
1063 2825 1238 2912 Ἀχιλλέως
1260 2829 1296 2896 ἐκ
1317 2823 1375 2918 ι’ῆς

212 2977 221 2990 ·
275 2930 480 3013 Φθιώτιδος,
514 2932 611 3020 οἵπερ
632 2929 687 2996 καί
710 2936 837 3018 πρῶτοι
851 2929 1003 3020 Ἓλληνες
1023 2923 1114 3020 ἦσαν.
1164 2929 1316 3010 Δαναοὺς
1337 2932 1374 2998 δὲ

273 3037 308 3103 ἓν
328 3040 399 3115 τοῖς
420 3032 517 3102 ἔπεσι
539 3033 594 3100 καί
613 3029 773 3121 Ἀργείους
799 3032 855 3099 καὶ
874 3029 1021 3117 Ἀχαιοὺς
1042 3029 1204 3100 α’νακαλεῖ.
1258 3036 1297 3100 cf.
1318 3035 1374 3099 Di·

272 3140 416 3207 caearch.
429 3139 484 3203 Gr.
500 3139 599 3202 descr.
614 3139 707 3220 frgm.
729 3137 785 3216 ΙΠ,
809 3140 839 3202 2.
870 3139 1004 3220 Strabo,
1016 3162 1046 3221 p.
1058 3139 1130 3203 431.
1159 3137 1232 3203 Uno
1248 3138 1375 3220 quidem

273 3244 353 3321 loco,
375 3242 412 3305 Il.
435 3241 471 3304 B.
495 3240 558 3305 530
581 3262 745 3306 commune
768 3241 909 3304 omnium
931 3262 1046 3305 nomen
1068 3241 1222 3306 vocabulo
1243 3237 1374 3306 Πανέλ-

271 3345 363 3430 ληνες
383 3343 558 3408 invenimus
579 3342 768 3419 indicatam,
796 3342 847 3425 (ut
868 3342 939 3407 aliis
960 3343 1039 3407 locis
1060 3338 1246 3423 Παναχαιοί
1266 3342 1374 3426 appel-

272 3447 413 3531 lantur);
449 3444 504 3509 sed
529 3445 599 3528 jam
622 3443 829 3508 Alexandrini
851 3445 942 3510 illum
962 3467 1104 3523 versum,
1137 3451 1169 3510 et
1191 3446 1286 3521 duos,
1320 3444 1374 3526 qui

272 3548 472 3626 antecedunt,
495 3547 536 3611 ab
559 3547 795 3629 interpolatoris
819 3548 986 3631 cujusdam
1008 3570 1104 3614 manu
1126 3548 1285 3631 profectos
1307 3569 1374 3612 esse

272 3656 506 3736 cognoverunt,
545 3648 600 3733 (cf.
624 3649 722 3713 schol.
749 3649 825 3716 Ven.
847 3650 888 3715 ad
913 3650 944 3714 h.
967 3650 1004 3734 l.)
1034 3671 1149 3732 eosque
1184 3649 1373 3714 recentiores

272 3755 384 3819 merito
406 3752 505 3818 secuti
526 3755 619 3829 sunt;
655 3751 694 3815 cf.
718 3750 868 3834 Geppert,
889 3751 1001 3835 Urspr.
1025 3751 1054 3816 d.
1078 3752 1196 3818 homer.
1220 3751 1373 3816 Gedichte

270 3879 301 3940 p.
317 3855 388 3919 252.
433 3852 644 3938 Sengebusch,
666 3853 750 3917 hom.
766 3853 840 3917 diss.
862 3853 887 3933 I,
909 3876 939 3938 p.
958 3854 1036 3932 144,
1058 3855 1112 3937 qui
1133 3854 1268 3920 maxime
1289 3853 1373 3918 Thn-

344 4120 365 4190 ¹)
401 4118 437 4174 cf.
457 4118 489 4172 11.
508 4123 545 4187 Π,
567 4120 627 4173 595.
646 4118 667 4184 1,
688 4116 749 4170 447.
768 4117 830 4169 418.
867 4116 918 4170 Od.
936 4117 961 4176 λ,
980 4118 1032 4168 495
1045 4133 1112 4185 sqq„
1132 4116 1179 4169 ubi
1196 4110 1288 4174 Ἑλλάς
1303 4114 1374 4168 nihil

271 4209 355 4274 aliud,
374 4225 407 4262 ec
418 4205 576 4260 Thessaliae
593 4206 671 4258 illam
690 4204 832 4258 civitatem
845 4204 985 4274 exiguam,
1004 4221 1021 4256 a
1032 4203 1251 4272 Myrmidonibus
1269 4203 1373 4256 cultam

271 4295 418 4366 significat.

342 4382 365 4450 ²)
401 4380 436 4436 cl.
454 4379 619 4447 Schdmann,
638 4378 749 4436 Griech.
766 4377 888 4432 Alterth.
906 4378 942 4447 11,
960 4395 986 4447 p.
1002 4378 1028 4431 3.
