3334 5217
824 551 866 616 28

294 725 425 799 τὰ·ὦτα
448 737 528 814 (scil.
550 733 608 825 τὴν
622 737 727 824 ληΐηκ)
750 739 805 804 καὶ
827 735 1008 823 λαβόμενος
1028 743 1087 825 τῆς
1108 738 1251 824 κεφαλῆς
1266 733 1393 816 ἐκσείει,

294 834 377 917 μετὰ
400 836 436 901 δὲ
459 835 617 925 σαρκίσας
636 837 716 923 βοὸς
737 842 861 928 πλευρῇ
884 840 981 926 δέψει
1008 845 1083 927 τῇσι
1109 835 1215 925 χερσί,
1254 835 1396 924 ὀργάσας

295 936 331 1001 δὲ
353 932 433 1003 αὐτὸ
455 937 513 1005 ἅτε
532 939 765 1027 χειρόμακτρον
787 940 929 1030 ἔκτηται.
974 943 1046 1007 Istri
1069 948 1184 1019 autem,
1214 964 1306 1023 quem
1329 963 1396 1004 cm-

293 1042 380 1105 nium
415 1042 580 1110 fluviorum
615 1047 786 1110 maximum
822 1069 890 1111 esse
926 1053 1033 1129 putat,
1078 1044 1131 1121 IV,
1160 1043 1202 1106 48
1237 1043 1396 1126 copiosam

293 1143 468 1208 invenimus
491 1146 754 1230 descriptionem,
787 1154 884 1230 atque
913 1150 1009 1213 etiam
1031 1147 1199 1211 Phasidem
1230 1147 1285 1228 qui
1313 1147 1397 1210 inter

294 1245 455 1329 Europam
484 1253 516 1311 et
536 1249 643 1312 Asiam
665 1248 743 1327 fluit,
775 1271 1000 1333 saepenumero
1023 1255 1185 1314 memorat.
1234 1249 1273 1313 cf.
1296 1247 1321 1325 I,
1344 1247 1395 1310 24.

297 1349 680 1428 104311,103;1V,37.
713 1351 764 1414 38.
786 1350 837 1415 45.
869 1352 928 1431 863
958 1352 1011 1428 Vl,
1034 1351 1084 1414 84.
1137 1350 1279 1432 Denique
1301 1351 1396 1413 etiam

294 1451 333 1515 de
357 1451 512 1516 Sardiano
533 1473 621 1530 aure,
644 1454 730 1534 quod
750 1453 878 1518 Tmolus
900 1459 932 1519 ct
946 1453 1024 1519 Paot
1026 1454 1094 1517 olus
1118 1474 1223 1517 secum
1245 1451 1316 1528 fert,
1338 1450 1398 1514 ali-

295 1559 372 1634 quot
372 1555 417 1618 ies
439 1555 524 1637 apud
546 1576 618 1620 eum
639 1576 741 1619 sermo
763 1561 819 1620 est.
864 1556 903 1620 c.f
927 1556 951 1634 Ι,
974 1555 1024 1620 93.
1048 1553 1179 1634 V,0101.
1224 1553 1272 1618 De
1286 1553 1397 1618 Indico
1481 1603 1485 1614 .

293 1655 348 1734 lH,
372 1657 433 1721 104
453 1657 561 1721 multis
583 1657 687 1722 verbis
707 1657 863 1722 dissemit.

382 1760 455 1823 Alia
476 1759 657 1843 hujusmodi
679 1761 837 1842 exempla,
870 1762 913 1826 ad
934 1767 1076 1826 nostram
1098 1753 1256 1840 quidam
1244 1762 1311 1822 r'em
1332 1780 1398 1822 uon

293 1862 486 1944 pertinentia
507 1861 761 1926 Schneidewinus
791 1863 886 1946 Soph.
909 1865 1007 1946 praef.
1031 1885 1061 1944 p.
1077 1859 1166 1925 XXII
1187 1867 1219 1925 et
1241 1860 1397 1926 Schiillius

293 1985 372 2028 vers.
395 1964 500 2046 Antig.
523 1985 553 2045 p.
570 1963 622 2040 65,
652 1964 727 2029 Oed.
750 1971 810 2048 tyr.
833 1987 864 2048 p.
882 1966 933 2044 88,
955 1965 1022 2029 n.8
1046 1965 1231 2029 attulerunt.
1287 1963 1398 2044 Neque

293 2072 400 2130 tamen
421 2066 542 2129 homini
574 2065 647 2130 huic
676 2067 859 2131 doctissimo
886 2087 1014 2149 possum
1042 2067 1205 2144 assentiri,
1241 2067 1296 2148 qui
1325 2086 1398 2131 cum

293 2167 448 2251 ejusmodi
468 2168 661 2232 imitationes
691 2190 711 2231 a
732 2167 898 2251 Sophoclis
919 2169 1045 2252 ingenio
1067 2167 1188 2232 alienas
1209 2189 1276 2231 esse
1297 2172 1397 2250 putet,

293 2291 347 2333 eas
374 2291 440 2333 non
470 2290 491 2333 a
518 2276 613 2353 poeta
642 2270 710 2351 ipsc
740 2271 795 2334 sed
823 2270 866 2335 ab
887 2271 1048 2353 Jophonte
1075 2269 1141 2334 filio
1170 2269 1220 2333 vel
1242 2269 1399 2351 Sophocle

293 2377 422 2454 nepote,
454 2393 534 2454 quos
561 2378 636 2454 post
667 2377 779 2454 poetae
807 2379 942 2438 mortem
972 2375 1039 2458 ejus
1068 2371 1224 2436 fabulas'
1216 2393 1249 2435 1n
1270 2392 1398 2436 scenam

294 2473 480 2556 produxisse
502 2479 628 2537 constat
647 2475 683 2557 ¹)
712 2474 871 2556 profectas
894 2496 961 2539 esse
983 2475 1095 2539 statuit
1111 2473 1149 2559 ²)
1200 2471 1258 2536 Cui
1277 2472 1311 2537 id
1331 2495 1400 2536 ma-

293 2576 376 2640 xime
396 2575 520 2639 videtur
542 2575 592 2659 obj
595 2576 753 2640 iciendum
767 2599 843 2654 esse,
865 2577 1081 2642 simillimum
1073 2599 1106 2640 rn
1120 2575 1249 2640 modum
1263 2575 1400 2640 aliorum

293 2682 458 2741 auctorum
495 2598 592 2742 locosJ
620 2700 640 2741 a
677 2685 751 2761 poet
751 2680 778 2742 is
813 2701 878 2743 non
910 2680 1012 2744 solum
1047 2679 1177 2744 Graecis
1213 2677 1268 2741 sed
1304 2676 1400 2740 etiam

295 2781 447 2843 Romanis
474 2780 655 2861 saepissime
684 2786 843 2863 respectos
874 2783 1007 2845 inveniri
1035 2787 1066 2846 et
1090 2785 1261 2857 tractatos3
1304 2784 1403 2859 atque

294 2903 347 2947 eos
376 2882 436 2946 hac
464 2883 497 2945 in
526 2902 561 2945 re
590 2886 694 2946 certos
724 2884 879 2964 quosdam
906 2883 984 2948 fines
1007 2883 1066 2948 sibi
1086 2882 1300 2966 proposuisse,
1330 2881 1400 2964 jam

294 2984 372 3048 satis
394 2983 434 3048 ab
455 2982 492 3046 E.
517 2983 555 3047 de
578 2983 747 3048 Leutsohio
776 2986 810 3049 in
831 2983 957 3049 Erschii
986 2992 1017 3050 et
1038 2983 1173 3049 Gruberi
1196 2983 1403 3066 encyclopae-

241 3118 244 3125 ·
295 3086 348 3162 dia
370 3108 394 3149 s.
417 3107 444 3149 v.
468 3085 597 3149 Ovidius
618 3108 648 3168 p.
666 3085 706 3150 75
729 3094 760 3151 et
780 3087 936 3170 Philolog.
960 3087 1068 3170 Suppl.
1091 3086 1116 3165 I,
1138 3108 1168 3168 p.
1188 3087 1249 3149 120
1271 3086 1403 3150 demon-

296 3192 432 3252 stratum
453 3208 520 3252 esse
536 3187 682 3253 arbitror.
725 3188 837 3272 Itaque
860 3190 946 3272 quod
968 3189 1104 3254 Senecae
1126 3209 1245 3252 suasor.
1268 3187 1322 3264 III,
1345 3187 1402 3252 fin.

294 3311 324 3372 p.
341 3289 383 3352 25
406 3288 476 3371 Bip.
507 3291 685 3354 testimonio
714 3292 755 3355 ab
785 3292 841 3356 illo
869 3292 998 3356 homine
1028 3291 1210 3355 doctissimo
1239 3290 1338 3354 allato
1361 3289 1404 3354 de

297 3390 407 3455 ovidio
429 3394 461 3454 et
485 3390 619 3473 Vergilio
642 3392 857 3471 confirmatur,
885 3395 924 3457 iis
946 3392 1100 3477 ejusmodi
1121 3392 1242 3474 aliquid
1263 3392 1405 3474 placuis-

295 3515 344 3570 se,
367 3515 452 3571 „non
468 3494 656 3575 surripiendi
671 3516 767 3566 causa
783 3495 838 3559 sed
852 3497 958 3578 palam
974 3495 1128 3572 imitandi,
1150 3494 1212 3558 hoc
1228 3495 1343 3571 animo,
1365 3502 1404 3559 ut

294 3595 412 3660 vellent
433 3596 591 3678 agnosci“,
613 3596 646 3659 id
667 3599 799 3661 mutatis
813 3598 974 3662 mutandis
995 3597 1089 3661 etiam
1105 3597 1138 3660 in
1154 3595 1339 3678 Sophoclem
1356 3597 1405 3661 vi-

296 3698 388 3762 detur
404 3695 570 3779 quadrare.
610 3698 709 3774 Quem
724 3722 822 3781 quum
837 3699 999 3764 Herodoto
1015 3699 1213 3762 familiariter
1227 3720 1318 3762 usum
1335 3719 1406 3763 esse

295 3805 418 3864 constet
432 3800 480 3884 3),
512 3799 614 3863 amico
648 3803 841 3866 reverentiae
872 3801 1036 3885 cujusdam
1066 3800 1276 3882 praestandae
1306 3822 1406 3866 causa

295 3902 364 3985 ejus
386 3901 585 3967 narrationes
606 3902 647 3966 ab
670 3903 814 3968 omnibus
838 3905 981 3986 cognitas
1003 3908 1035 3968 et
1057 3902 1233 3967 celebratas
1255 3903 1288 3967 in
1310 3903 1407 3966 fabu-
1454 3949 1458 3956 -

295 4003 335 4066 lis
356 4004 421 4067 suis
442 4005 616 4087 respexisse
637 4005 798 4087 putandus
819 4011 875 4069 est.

369 4197 390 4258 ¹)
427 4193 462 4248 cf
482 4209 587 4262 argum
607 4194 674 4248 Oed
694 4194 763 4261 Col.;
782 4194 921 4246 Suidass
942 4211 967 4245 v.
986 4189 1089 4261 Ἰοφων.

367 4284 391 4349 ²)
427 4282 462 4336 cf
482 4280 575 4334 Schdll
592 4282 710 4333 version.
730 4236 824 4350 Ahtig.
844 4280 930 4349 praef
955 4283 1026 4347 pul
1037 4298 1076 4347 sq

364 4371 387 4438 3)
424 4370 458 4423 cf.
477 4368 596 4422 Scholl
588 4386 617 4420 111
635 4368 686 4420 Ph
688 4368 734 4421 lol
752 4373 773 4422 t.
787 4370 821 4432 X,
840 4387 867 4436 p.
882 4371 928 4432 25;
957 4367 1077 4421 Dindorf
1093 4367 1141 4419 vit
1160 4366 1286 4436 Sophocl.
1304 4383 1356 4434 p.
1345 4365 1410 4421 XL:
