3334 5217
677 864 701 915 1.
737 861 781 913 De
800 861 913 930 bospitio
926 863 1045 932 publico.

809 1068 838 1145 s.
864 1065 913 1128 12.

396 1231 442 1296 Ut
467 1234 501 1296 in
530 1232 675 1296 omnibus
705 1231 885 1296 civitatibus
913 1231 993 1296 bene
1020 1232 1173 1297 ordinatis
1202 1233 1315 1297 civium
1341 1232 1419 1315 jura

244 1379 247 1383 -
312 1353 377 1396 non
405 1335 507 1399 solum
535 1335 620 1398 domi
649 1334 771 1417 legibus
799 1339 1025 1416 proteguntur,
1067 1335 1245 1399 sedetiam
1273 1341 1309 1398 ut
1338 1333 1418 1397 foris

312 1435 397 1517 apud
418 1435 497 1499 alias
520 1437 662 1501 civitates
683 1436 783 1500 tutela
804 1435 843 1499 iis
866 1440 1060 1518 praestetur,
1093 1436 1253 1518 provisum
1275 1441 1339 1514 est,
1369 1435 1418 1498 ita

312 1537 398 1619 apud
419 1536 557 1602 Graecos
579 1559 704 1620 quoque
726 1538 787 1601 hoc
808 1538 983 1602 invenimus
1005 1537 1193 1602 institutum.
1239 1537 1331 1601 Unde
1353 1537 1417 1601 huc

209 1652 218 1665 ⁴
311 1638 468 1703 referendi
482 1647 556 1704 sunt
574 1641 714 1723 hospites
735 1639 783 1703 illi
802 1639 930 1722 publici,
952 1635 1111 1725 πρόξενοι,
1137 1661 1199 1720 quo
1217 1640 1344 1703 nemine
1359 1639 1417 1702 ho-

311 1739 442 1804 norifico
463 1742 674 1824 appellantur,
696 1742 729 1805 in
751 1741 884 1824 singulis
900 1742 1079 1806 civitatibus
1100 1763 1138 1806 ea
1160 1740 1339 1806 conditione
1361 1741 1417 1804 de-

312 1843 403 1920 lecti,
434 1850 471 1907 ut
496 1845 563 1927 ejus
592 1842 744 1920 cinitone,
779 1843 869 1927 cujus
897 1845 1108 1926 patrocinium
1136 1845 1247 1924 cuique
1275 1843 1417 1908 delatum

312 1951 398 2022 erat,
419 1966 470 2009 res
492 1953 641 2010 curarent
656 1946 692 2030 ¹).
746 1945 841 2027 Apud
861 1945 1049 2023 Homerum,
1072 1947 1127 2027 qui
1148 1946 1328 2028 saepissime
1350 1945 1417 2028 pri-

311 2047 376 2110 vati
397 2048 524 2128 quidem
546 2048 674 2130 hospitii
694 2047 772 2111 facit
793 2047 1000 2125 mentionem,
1027 2047 1146 2130 publici
1166 2048 1251 2112 illius
1273 2047 1416 2112 nondum

310 2149 411 2213 ullum
433 2157 566 2232 apparet
587 2150 768 2231 vestigium3
804 2149 840 2212 id
861 2149 947 2230 quod
967 2149 1153 2213 Eustathius
1175 2148 1329 2213 adnotare
1350 2169 1418 2212 non

311 2250 424 2329 omisit,
447 2272 543 2333 quum
567 2252 652 2317 dicat
674 2251 715 2315 ad
736 2250 774 2313 Il.
796 2255 832 2329 Γ,
857 2274 888 2334 p.
912 2251 976 2315 405
998 2251 1053 2315 ubi
1074 2251 1218 2333 pluribus
1241 2250 1279 2315 de
1301 2273 1417 2334 proxe-

309 2353 363 2417 nia
385 2353 525 2418 disserit:
558 2350 616 2417 τόν
643 2353 679 2417 δε
708 2357 811 2417 ταῦτα
840 2357 1001 2417 ποιοῦντα
1031 2348 1187 2435 πρόξενον
1216 2348 1350 2417 ἐκάλουν
1380 2347 1416 2416 οἱ

310 2448 400 2535 μεθ’
422 2450 595 2541 Ὅμηρον,
650 2455 719 2519 Ηοο
741 2461 847 2519 autem
869 2454 911 2519 ad
931 2460 1073 2519 nostram
1094 2475 1163 2519 rem
1184 2470 1254 2519 eam
1277 2454 1317 2518 ob
1340 2444 1419 2519 cau-

311 2578 380 2622 sam
401 2557 525 2622 videtur
545 2559 712 2640 pertinere,
735 2557 820 2639 quod
843 2557 928 2640 apud
950 2557 1138 2640 Sophoclem
1161 2577 1285 2638 quoque
1307 2556 1419 2639 hospi-

309 2660 345 2723 tii
367 2659 487 2742 publici
507 2667 652 2742 apertum
675 2666 779 2725 exstat
799 2659 968 2737 indicium,
998 2661 1032 2724 111
1053 2659 1103 2723 El.
1125 2681 1153 2722 v.
1179 2658 1277 2722 1451:
1315 2654 1420 2745 φίλης

311 2759 469 2846 προξένου
488 2757 677 2847 κατήνυσαν.
727 2762 791 2826 Ubi
819 2782 1011 2842 quamquam
1039 2761 1228 2826 vocabulum
1258 2757 1421 2846 πρόξενος

256 2945 259 2948 ἦ
310 2864 349 2929 de
370 2864 494 2948 hospite
515 2865 638 2946 privato
658 2863 710 2928 vel
730 2863 835 2945 potius
857 2862 993 2944 hospita,
1016 2864 1071 2948 (de
1086 2863 1315 2946 Clytemnestra
1330 2864 1421 2928 enim

310 2972 358 3030 est
376 2969 511 3052 sermo),
534 2966 654 3031 dictum
676 2971 740 3043 est,
767 2965 971 3030 nihilominus
993 2965 1073 3031 haec
1095 2967 1163 3050 ejus
1185 2965 1272 3029 verbi
1295 2965 1422 3049 signifi-

310 3069 393 3133 catio
415 3090 453 3134 ex
475 3069 626 3151 primaria
647 3074 695 3132 est
715 3067 889 3150 repetenda
900 3069 939 3148 2).

727 3366 752 3417 2.
789 3363 833 3414 De
851 3361 1000 3432 inquilinis.

808 3568 838 3644 §-
865 3563 924 3630 13..

394 3733 444 3799 Ad
472 3733 553 3798 illud
583 3732 702 3816 publici
730 3732 860 3813 hospitii
889 3732 1069 3796 institutum
1095 3732 1241 3797 recedere
1266 3731 1423 3799 videntur

310 3857 357 3914 ea,
379 3857 460 3918 quae
482 3836 520 3901 de
541 3835 767 3917 inquilinorum
790 3833 971 3898 conditione
992 3834 1024 3897 in
1048 3833 1179 3918 singulis
1194 3832 1347 3901 Graeciae
1373 3839 1422 3902 ci-

309 3939 477 4016 vitatibus,
498 3937 531 4002 in
554 3957 634 4019 quas
655 3937 928 4019 migraverant,
949 3942 982 4000 et
1003 3935 1057 3999 ubi
1079 3935 1184 4000 sedem
1206 3935 1353 4001 stabilem
1374 3960 1420 4009 ac

382 4145 405 4214 ¹)
441 4145 474 4198 cf.
493 4145 588 4211 Meier,
611 4144 646 4196 de
670 4144 803 4211 proxenia
826 4143 884 4196 sive
907 4143 941 4197 dc
964 4144 1076 4212 publico
1101 4145 1267 4198 Graecorum
1292 4143 1421 4210 hospitio

309 4233 397 4302 (Halis
419 4233 496 4296 1843)
514 4250 541 4300 p.
561 4236 586 4284 4.
621 4231 777 4285 Schdmann
797 4231 904 4285 Griech.
923 4231 1043 4284 Alterth.
1061 4230 1095 4297 ΙΙ,
1113 4249 1139 4300 p.
1159 4235 1201 4283 25.

379 4321 403 4388 ²)
441 4319 476 4373 cf.
493 4317 581 4372 Wolff
598 4319 634 4372 ed
651 4319 694 4372 El.
714 4319 732 4371 l.
750 4319 768 4370 l.
804 4319 891 4370 Meier
908 4318 925 4370 l.
945 4319 963 4371 l.
982 4335 1009 4386 p.
1031 4317 1061 4375 7,
1090 4319 1137 4385 qui
1161 4317 1284 4386 ejusdem
1310 4318 1421 4387 signifi-

310 4406 425 4461 cationis
443 4406 599 4461 tralatioiae
617 4407 672 4458 alia
690 4406 815 4472 exempla
833 4423 867 4458 ex
885 4405 973 4474 poetis
991 4405 1105 4474 tragicis
1123 4405 1244 4474 collegit.
