3334 5217
835 467 878 530 24

307 656 344 719 Il.
375 655 396 718 1.
425 655 446 719 1.
476 648 586 718 Σόλων
616 651 652 718 δὲ
678 644 699 740 ἢ
727 639 970 739 Πεισίστρατος
997 650 1238 739 παρενέγραψα
1268 647 1415 714 ἐνταῦθα

308 751 392 838 μετὰ
414 751 472 819 τὸν
489 751 626 843 Ὁμήρου
651 750 762 835 στίχον
782 751 839 820 τὸ·
870 761 969 843 στῆσε
995 749 1024 819 d'
1051 749 1137 841 iiymr
1163 778 1191 818 κ.
1214 777 1243 818 τ.
1268 753 1295 817 λ.
1347 752 1414 817 Nec

308 858 439 924 dubium
467 858 607 935 videtur,
641 858 717 938 quin
743 857 817 921 huic
844 859 894 924 vel
920 860 1025 942 potius
1048 857 1250 924 Onomacrito
1273 856 1333 931 hoc
1356 855 1415 919 tri-

306 959 467 1022 buendum
488 959 530 1023 sit
548 961 584 1044 ¹).
1026 946 1033 958 ’

395 1061 481 1137 Quae
499 1081 571 1125 cum
591 1062 724 1140 iasine,
747 1063 844 1127 etiam
859 1061 1008 1144 Sophocli
1022 1059 1266 1126 condonandum
1288 1080 1354 1124 esse
1368 1059 1416 1124 vi-

311 1163 412 1241 detur,
435 1162 520 1244 quod
535 1163 568 1226 in
583 1163 702 1242 fabula,
724 1185 806 1246 quae
821 1165 926 1229 herois
941 1164 1026 1228 illius
1041 1164 1167 1227 nomine
1181 1162 1334 1243 iuscripta
1356 1166 1415 1239 est,

310 1264 470 1328 simillima
492 1270 588 1347 atque
620 1268 741 1350 majore
769 1267 834 1331 fere
864 1266 1008 1344 hcentia,
1040 1286 1137 1347 quam
1165 1285 1219 1342 ea,
1256 1284 1320 1344 qua
1344 1264 1412 1347 jam

311 1366 521 1430 Aeacidarum
550 1368 745 1450 temporibus
766 1368 901 1433 Salamis
931 1390 1003 1432 cum
1025 1368 1132 1432 Attica
1154 1366 1326 1448 conjuncta
1347 1387 1417 1430 esse

309 1466 498 1550 fingebatur,
521 1470 620 1532 etiam
643 1471 671 1534 ei
692 1470 814 1536 insulae
835 1469 1003 1552 indigenas
1023 1469 1145 1533 Atticos
1166 1467 1286 1533 tribuit.
1332 1466 1416 1532 Hinc

309 1570 366 1634 illa
387 1571 484 1633 verba
505 1572 555 1654 Aj.
578 1594 607 1636 v.
623 1572 702 1651 202,
734 1572 789 1637 ubi
817 1577 934 1636 nautae
957 1571 1121 1637 Salaminii
1141 1573 1251 1653 γενεᾶς
1270 1563 1416 1650 χθονίων

309 1665 370 1734 ἅττ’
390 1664 596 1758 Ἐρεχθειδᾶν
617 1675 839 1753 nominantur3
862 1674 902 1739 cf.
927 1674 1024 1739 schol.
1047 1672 1141 1738 adh.
1165 1672 1185 1735 l.
1209 1667 1336 1735 Διὰτὸ
1356 1669 1417 1757 τὴν

242 1794 244 1800 ’
291 1773 479 1862 νΣαλαμῖνα
495 1779 663 1861 συνῆφθαι
679 1779 719 1860 τῇ
733 1768 869 1863 Ἀττικῇ
883 1773 938 1839 καὶ
953 1769 1214 1861 περισαούδαιαν
1228 1775 1300 1850 τοῖς
1312 1765 1417 1858 Ἀθη-

310 1872 415 1952 ναίοις
442 1869 541 1962 αὐτὴν
568 1872 767 1963 κτήσασθαι.
811 1879 861 1942 Ad
889 1880 1021 1943 eandem
1050 1877 1305 1961 conjunctionem
1334 1874 1417 1940 refe-

309 1979 426 2042 rendus
447 2001 476 2043 v.
493 1978 565 2057 861,
588 2000 685 2061 quum
705 1980 789 2063 Ajax
810 1975 934 2043 κλειναὶ
948 1973 1091 2067 Ἀθῆναι
1106 1975 1161 2041 καὶ
1176 1973 1215 2041 τὸ
1232 1973 1417 2062 σύντραφον

309 2077 401 2162 γένος
422 2101 602 2163 supremum
623 2082 728 2146 valere
739 2081 862 2165 jubeat,
883 2103 942 2146 nec
957 2082 1061 2145 minus
1082 2103 1111 2144 v.
1129 2081 1221 2158 1220,
1244 2078 1300 2143 ubi
1314 2078 1417 2144 eidem

292 2182 356 2247 'illi
384 2187 501 2246 nautae
528 2181 710 2262 Salaminii,
746 2189 783 2247 ut
809 2204 972 2263 sacrarum
1000 2182 1198 2247 Athenarum
1227 2184 1416 2263 conspectus

310 2283 370 2348 sibi
390 2283 551 2363 reddatur,
575 2284 668 2350 valde
689 2291 850 2368 exoptant.
1380 2288 1382 2292 ⁴

395 2385 463 2450 Hoc
490 2392 596 2451 autem
626 2407 782 2452 summum
804 2386 1044 2452 Atheniensium
1066 2385 1213 2464 studium,
1241 2405 1304 2467 quo
1326 2383 1418 2450 Sala-

235 2564 238 2569 ,
309 2488 396 2551 mina
417 2487 553 2571 insulam
584 2489 732 2554 colebant
759 2494 791 2554 et
819 2489 995 2574 diligebant
1016 2489 1188 2554 maximum
1210 2488 1293 2570 cepit
1314 2487 1418 2551 incre·

309 2595 467 2667 mentum,
500 2610 599 2672 quum
626 2591 736 2656 eadem
764 2593 915 2656 victoriae
944 2591 1028 2655 illius
1057 2590 1242 2672 praeclarae
1270 2609 1290 2652 a
1312 2588 1418 2652 Persis

309 2696 490 2772 reportatae
511 2695 581 2774 ipsa
604 2693 695 2773 quasi
718 2694 805 2756 testis
827 2693 939 2757 fuisset
955 2695 1002 2778 2);
1038 2691 1121 2756 hanc
1149 2713 1224 2755 vero
1253 2691 1321 2774 ejus
1348 2689 1418 2772 glo-

308 2793 390 2856 riam
411 2792 451 2856 ah
473 2793 619 2858 omnibus
634 2793 765 2858 Graecis
787 2794 978 2859 celebratam
1000 2815 1065 2858 non
1087 2793 1220 2859 obscure
1242 2790 1419 2875 significas-

309 2915 342 2959 se
363 2894 487 2958 videtur
507 2900 622 2978 poeta,
658 2917 755 2978 quum
782 2896 913 2960 chorum
944 2918 971 2961 v.
987 2895 1050 2959 598
1067 2915 1152 2976 sqq.,
1186 2895 1284 2959 faciat
1311 2893 1419 2959 excla-

308 3001 463 3060 mantem:

301 3086 340 3159 Ὦ
361 3094 471 3161 κλεινὰ
492 3093 648 3180 Σαλαμίς,
673 3095 712 3163 σὺ
733 3096 794 3180 μέν
816 3120 883 3163 που
906 3094 1008 3177 ναίεις
1030 3094 1234 3174 ἆλίιτλακτος
1254 3090 1419 3178 εὐδαίμων

473 3200 578 3264 πᾶσιν
598 3195 800 3287 ιτερίφαντος
819 3193 881 3265 ἀεί.

394 3303 497 3378 Quum
518 3301 567 3364 his
587 3302 691 3365 verbis
712 3302 854 3366 homines
877 3324 897 3366 a
919 3308 1013 3386 poeta
1027 3303 1212 3367 Atheniensi
1232 3302 1267 3365 in
1289 3323 1418 3366 scenam

307 3404 454 3486 producti
476 3403 607 3484 exiguae
628 3403 750 3468 insulae
778 3404 916 3468 nominis
942 3404 1059 3468 famam
1090 3405 1287 3486 praedicent,
1319 3426 1418 3486 quam

307 3527 342 3570 re
364 3526 439 3569 vera
460 3505 536 3587 ipsis
558 3505 753 3588 incognitam
775 3527 843 3570 esse
866 3507 1014 3588 oportuit,
1044 3507 1172 3587 quantis
1194 3498 1341 3570 laudibus
1363 3527 1418 3571 eos

306 3606 392 3689 apud
416 3606 559 3684 eundem,
582 3606 704 3688 quoties
726 3629 823 3672 causa
838 3608 933 3672 fuerit
954 3608 1072 3686 oblata,
1095 3610 1162 3692 ejus
1185 3609 1283 3691 ipsius
1304 3606 1418 3673 urbem

306 3709 465 3786 Athenas,
494 3708 553 3772 illo
575 3713 660 3773 certe
681 3714 825 3790 tempore
846 3709 944 3772 totius
966 3708 1116 3774 Graeciae
1138 3711 1328 3793 prinoipem,
1358 3732 1419 3793 pu-

383 3897 403 3965 1)
439 3897 474 3951 cl.
493 3897 581 3950 Lehrs
599 3898 635 3952 de
653 3896 810 3950 Aristarchi
827 3897 899 3950 stud.
918 3897 1029 3951 Homer.
1046 3914 1074 3964 p.
1094 3898 1154 3950 230.
1173 3898 1235 3950 349.
1252 3926 1286 3936 —
1314 3897 1418 3952 Pindar

308 3985 388 4039 Nem.
408 3985 443 4038 lI.
462 4001 486 4038 c.
503 3984 618 4053 interpr.

376 4073 401 4137 ²)
437 4070 472 4125 cf.
489 4073 580 4126 Strab.
597 4091 624 4140 p.
636 4073 700 4125 394:
721 4067 859 4141 ἐπιφανὴς
876 4069 908 4124 δὲ
925 4066 941 4136 ἡ
954 4073 1037 4136 νῆσος
1055 4065 1156 4141 ὑπῆρξε
1170 4064 1216 4121 δαί
1229 4085 1257 4120 τε
1269 4064 1331 4125 τοὺς
1343 4071 1416 4120 Αἰα-

306 4158 386 4217 κίδας
404 4154 575 4229 ὑπάρξαντας
593 4155 688 4223 αὐτῆς,
713 4160 759 4210 καὶ
782 4154 903 4228 μάλιστα
928 4155 964 4208 δι’
982 4160 1091 4208 Αἴαντα
1109 4153 1157 4210 τὸν
1179 4158 1348 4227 Τελαμῶνος,
1368 4159 1417 4208 καὶ

306 4243 354 4297 διὰ
372 4244 403 4297 τὸ
422 4249 486 4317 περὶ
503 4241 553 4309 τὴν
569 4249 657 4310 νῆσον
667 4240 768 4308 ταύτην
786 4247 1053 4314 καταναυμαχθῆναι
1071 4243 1173 4316 Ξέρξην
1190 4239 1245 4294 ὑπὸ
1257 4247 1312 4296 τῶν
1323 4239 1417 4310 Ἑλλή-

306 4350 362 4385 νων
379 4336 426 4384 καὶ
446 4337 545 4402 φαγεῖν
563 4336 601 4390 εἰς
618 4328 668 4398 τὴν
686 4336 797 4384 οἰκείαν.
1352 4342 1354 4348 ’
