3334 5217
841 536 884 601 30

397 724 446 788 Ex
466 723 528 788 hac
550 725 685 790 civitatis
707 725 886 790 conditione
909 725 979 808 ipsa
1001 723 1145 788 ducenda
1167 728 1214 787 est
1235 745 1272 788 ea
1292 724 1416 807 imperii

311 826 430 903 forma,
467 833 562 908 quani
582 828 718 911 primam
739 826 825 909 apud
846 848 954 891 omnes
977 826 1177 907 antiquitatis
1199 831 1307 909 gentes
1328 827 1415 891 inve-

311 929 431 1006 nimus,
465 950 546 1010 quae
574 951 640 993 non
669 929 792 1006 multis,
825 929 881 994 sed
908 930 963 994 uni
990 934 1116 993 tantum
1144 950 1283 993 summae
1309 951 1415 994 rerum

310 1031 525 1113 gubernacula
547 1031 724 1096 committit.
768 1033 872 1113 Atque
889 1053 958 1096 eam
974 1031 1037 1096 illis
1051 1030 1245 1113 temporibus
1262 1031 1415 1114 optimam

311 1154 378 1197 esse
396 1133 591 1217 judicatam,
623 1133 777 1197 notissimi
805 1134 853 1197 illi
881 1156 994 1198 versus
1018 1133 1175 1198 Homerici
1198 1139 1357 1198 testantur
1377 1133 1414 1198 Il.

312 1238 351 1314 B,
376 1236 439 1299 204
461 1256 549 1317 sqq.:

441 1331 499 1401 οὐκ
523 1330 652 1420 ἀγαθὸν
675 1333 918 1425 πολυκοιρανίη,
943 1328 991 1416 εἷς
1010 1333 1161 1423 κοίρανος
1182 1333 1275 1426 ἔστω,

437 1430 485 1517 εἷς
506 1436 669 1522 βασιλεύς,
694 1429 720 1525 ᾧ
743 1436 843 1506 ἔδωκε
866 1436 994 1527 Κρόνου
1017 1444 1099 1517 παῖς
1120 1432 1358 1528 ἀγκυλομήτεω.

311 1542 420 1624 Neque
441 1550 547 1608 tamen
569 1542 669 1607 libera
691 1549 746 1607 aut
773 1543 922 1608 absoluta
943 1565 1052 1625 regum
1074 1551 1144 1607 erat
1164 1548 1321 1625 potestaS‚
1360 1543 1415 1608 sed

309 1643 390 1708 haec
413 1650 444 1710 et
466 1646 535 1728 ipsa
556 1644 696 1710 moribus
718 1647 830 1730 patriis
853 1652 884 1711 et
905 1647 1043 1728 legibue,
1081 1647 1193 1728 cuique
1222 1647 1340 1728 populo
1367 1645 1416 1709 in-

311 1747 412 1825 nata,
435 1748 607 1813 constituta
623 1751 659 1834 ¹).
1146 1827 1148 1834 Ι

396 1850 475 1932 Regi
496 1851 648 1933 cujusque
670 1851 772 1934 gentis
794 1851 970 1933 principes,
1005 1844 1159 1936 ἡγήτορες
1187 1849 1237 1932 (Il.
1263 1854 1309 1928 A,
1335 1850 1416 1928 687;

312 1950 370 2014 od.
397 1953 434 2030 Θ,
462 1953 517 2036 11)
545 1952 595 2016 vel
623 1951 718 2016 iidem
745 1953 895 2035 βασιλεῖς
924 1952 998 2037 (od.
1021 1977 1050 2032 α,
1079 1953 1157 2038 394)
1187 1953 1237 2016 vel
1259 1949 1416 2038 γέροντες,

311 2075 375 2116 non
398 2054 492 2118 modo
513 2060 643 2138 propter
665 2062 874 2134 senectutem,
906 2056 960 2120 sed
983 2058 1079 2120 etiam
1100 2055 1230 2119 honoris
1253 2075 1349 2119 causa
1371 2057 1418 2120 ita

311 2156 464 2238 appellati
477 2158 506 2240 2)
530 2158 584 2240 (cf.
607 2156 643 2220 Il.
671 2162 710 2236 Β,
734 2158 793 2230 53;
816 2163 852 2236 Γ,
878 2158 955 2237 149;
978 2163 1003 2237 Ι,
1029 2159 1125 2242 372),
1149 2163 1240 2221 erant
1262 2157 1418 2241 adjuncti,

313 2257 501 2339 quibuscum
523 2260 655 2324 consilia
676 2261 772 2324 iniret
793 2261 848 2344 (cf.
871 2261 907 2324 Il.
931 2267 967 2339 Z,
994 2261 1073 2338 1033
1095 2264 1133 2338 B,
1158 2259 1214 2338 53)
1243 2259 1266 2344 ).

396 2360 483 2437 Quae
511 2362 545 2425 in
573 2363 750 2444 principum
780 2363 911 2426 consilio
935 2359 1065 2448 (βουλὴ)
1095 2363 1295 2444 placuerant,
1330 2361 1419 2444 plebi

310 2463 344 2526 in
366 2465 521 2542 contione,
544 2487 625 2547 quae
648 2457 747 2550 ἀγορή
768 2465 949 2548 appellatur
957 2468 997 2550 4),
1020 2464 1246 2530 communicari
1261 2463 1419 2542 solebant,

312 2565 370 2630 etsi
392 2567 420 2630 ei
441 2587 506 2630 non
527 2572 595 2631 tam
617 2569 670 2651 jus
693 2568 900 2652 dijudicandi,
924 2587 1018 2649 quam
1034 2567 1226 2632 assentiendi
1241 2567 1332 2631 venia
1348 2573 1421 2631 erat
1472 2549 1478 2557 ¹

313 2689 462 2733 concessa
470 2696 478 2746 ;
500 2669 540 2733 cf.
563 2670 599 2734 ΙΙ.
624 2675 673 2748 M,
697 2671 778 2734 212:

626 2812 668 2820 —-
690 2770 766 2836 ἐπεὶ
787 2767 863 2838 οὐδὲ
884 2771 943 2854 μὲν
966 2765 1041 2837 οὐδὲ
1064 2769 1168 2838 ἔοικεν

440 2873 542 2959 δῆμον
565 2871 660 2939 ἐόντα
682 2874 789 2963 παρὲξ
807 2869 1001 2962 ἀγορευέμεν
1023 2868 1089 2939 οὔτ’
1112 2872 1159 2938 ε’νὶ
1180 2870 1283 2959 βούλῃ

439 2968 515 3040 οότε
537 2970 613 3041 ποτ’
636 2976 669 3042 ἐν
693 2977 830 3064 πολέμῳ
855 3025 889 3032 -
907 2983 935 3057 5)

313 3198 393 3259 πόλις
409 3198 547 3269 Ἑλληνικὴ
566 3201 749 3270 ἐβασιλεύετο,
778 3201 851 3269 πλὴν
876 3202 928 3273 οὐχ
951 3200 1044 3274 ὥσπερ
1062 3199 1096 3254 τὰ
1114 3199 1265 3274 βαρβαρικὰ
1284 3202 1353 3265 ἔθνη
1373 3199 1423 3251 δε-

314 3294 464 3352 σποτικῶς,
483 3288 551 3341 ἀλλὰ
571 3289 639 3344 κατὰ
656 3289 758 3363 νόμους
775 3296 868 3344 τεκαὶ
886 3288 1020 3361 ἐθισμοὺς
1038 3294 1185 3362 πατρίους,
1210 3293 1257 3341 καὶ
1275 3284 1424 3360 κράτιστος

320 3371 347 3428 ’ν
364 3374 488 3443 βασιλεὺς
505 3397 530 3431 κ.
544 3397 568 3431 τ.
580 3381 603 3429 λ.
640 3380 755 3433 Aristot.
773 3382 828 3449 pol.
848 3382 896 3449 HI,
919 3384 958 3449 10,
980 3383 1002 3433 l.
1039 3380 1184 3447 Tametra,
1204 3377 1354 3445 antiquitas
1373 3376 1425 3430 ho·

313 3467 416 3520 merioa
433 3484 460 3535 p.
480 3468 523 3519 65.

383 3555 406 3623 ²)
443 3554 477 3608 cf.
496 3554 621 3621 Platner,
644 3556 771 3609 notiones
792 3555 863 3623 juris
886 3557 914 3608 et
935 3554 1061 3622 justitiae
1079 3572 1113 3606 ex
1130 3554 1243 3609 Homeri
1262 3556 1289 3606 et
1306 3552 1424 3606 Hesiodi

314 3643 482 3698 carminibus
501 3642 654 3710 explicatae
672 3662 698 3713 p.
720 3645 777 3695 106.

384 3731 407 3793 3)
442 3730 522 3782 Dion.
541 3729 602 3782 Hal.
623 3731 657 3796 ΙΙ,
679 3733 723 3782 12:
753 3734 810 3787 τοῖς
834 3733 903 3798 γοῦν
926 3731 1085 3796 βασιλεῦσιν
1113 3758 1147 3766 -
1170 3724 1362 3798 βουλευτήριον
1386 3721 1423 3792 ἦν

314 3819 417 3871 ἐκτῶν
433 3820 585 3888 κρατίστων
602 3850 637 3857 -
655 3819 703 3868 καὶ
721 3814 774 3885 οὐχ
792 3812 886 3888 ὥσπερ
904 3818 934 3869 ἐν
952 3822 1008 3874 τοῖς
1028 3814 1092 3868 καθ’
1111 3813 1183 3886 ἡμᾶς
1198 3811 1310 3885 χρόνοις
1329 3809 1423 3865 αὐθά-

206 3949 210 3958 .
315 3905 371 3962 δεις
388 3908 435 3957 καὶ
452 3901 664 3975 μονογνώμονες
681 3899 752 3969 ἦσαν
768 3906 797 3954 αἱ
815 3908 870 3956 τῶν
889 3902 1011 3974 ἀρχαίων
1028 3906 1161 3969 βασιλέων
1179 3902 1344 3955 δυναστεῖαι.

384 3995 407 4060 4)
443 3993 478 4046 cf.
498 3992 547 4047 0d.
567 4012 593 4060 γ,
616 3994 678 4045 127:
710 3985 771 4043 οὔτε
793 3989 856 4042 ποτ’
875 3995 916 4042 εἰν
939 3989 1028 4064 ἀγορή
1051 3989 1109 4060 δίχ’
1130 3986 1274 4059 ίβόζομεν,
1303 3984 1358 4040 οὔτ’
1379 3989 1423 4041 ἐνὶ

314 4082 406 4152 βουλῇ,
423 4081 471 4134 ubi
490 4082 561 4134 duae
578 4081 642 4132 illae
653 4081 778 4134 notiones
791 4083 920 4134 accurate
933 4081 1155 4148 distinguuntur3
1174 4078 1301 4131 Eustath.
1315 4076 1349 4129 ad
1363 4076 1392 4129 h.
1402 4077 1422 4129 l.

316 4172 343 4222 et
362 4168 397 4222 ad
415 4186 440 4228 α,
456 4170 519 4220 144:
540 4170 631 4219 ἰστέον
649 4162 703 4236 γὰρ
720 4163 764 4218 ὅτι
782 4163 797 4232 ἡ
815 4167 869 4237 μὲν
887 4164 975 4235 ἀγορὰ
994 4164 1097 4224 παντὸς
1113 4161 1147 4231 ἦν
1164 4169 1214 4217 τοῦ
1233 4161 1324 4235 δήμου
1341 4161 1422 4230 κοινὴ

315 4287 350 4295 -
367 4252 384 4321 ή
404 4254 435 4307 δὲ
453 4250 534 4320 βουλὴ
553 4258 607 4304 τῶν
625 4255 754 4325 ἐκκρίτων
770 4251 873 4325 μόνον,
904 4257 1132 4324 συγκαλουμένων
1152 4252 1211 4320 ἰδίᾳ
1231 4254 1277 4304 καὶ
1300 4249 1332 4302 οὗ
1350 4249 1423 4320 μετὰ

316 4340 446 4410 πλήθους.
466 4371 500 4379 -

385 4431 407 4500 5)
442 4428 477 4483 cf.
496 4429 580 4484 schol.
598 4430 666 4485 Ven.
684 4429 716 4483 Il.
736 4434 758 4492 I,
781 4429 828 4482 17:
848 4426 863 4480 ὁ
881 4429 934 4499 μὲν
953 4428 1041 4500 δῆμος
1058 4425 1148 4499 μόνον
1165 4429 1215 4478 τοῦ
1233 4423 1351 4478 ἀκοῦσαι
1369 4421 1421 4478 κὺ-
