3334 5217
777 481 931 569 ου’

374 689 413 757 τὸ
435 692 492 772 δέί
514 691 574 781 βίᾳ
596 695 746 759 πολιτῶν
767 695 847 779 δρᾶν
868 690 948 782 ἔφυν
971 688 1136 782 δμήχανος
1151 700 1186 780 ¹).

245 794 339 859 Hanc
355 802 461 861 autem
478 802 677 879 potestatem,
701 817 774 878 qua·
786 803 881 879 poeta
902 798 1049 864 heroicae
1070 801 1184 864 aetatis
1203 800 1356 883 populum

243 897 414 975 instruxit,
447 899 481 962 in
512 899 693 964 universum
727 900 960 981 quodammodo
995 902 1090 964 etiam
1123 902 1276 966 exercitui
1308 901 1356 964 illi
1430 908 1434 915 '

246 998 457 1078 Graecorum,
487 1006 562 1066 ante
583 1000 711 1084 ‘frojam
735 1001 899 1067 dimicanti
943 1003 1072 1079 tribuit,
1102 1004 1153 1068 cui
1175 1004 1261 1069 haud
1282 1023 1356 1068 raro

245 1101 380 1166 liberum
403 1102 442 1166 de
464 1104 643 1185 principum
675 1102 854 1168 actionibus
879 1105 1034 1189 judicium
1057 1106 1220 1170 concessit.
1252 1103 1356 1180 -Quod

245 1204 392 1269 dilucidis
413 1205 516 1270 verbis
538 1210 587 1269 est
607 1204 783 1269 indicatum
803 1205 852 1290 Aj.
876 1207 939 1270 408
960 1227 1028 1289 sqq.

373 1311 442 1384 πᾶς
463 1307 500 1372 δὲ
523 1304 662 1393 στρατὸς
683 1301 845 1386 δίπαλτος
865 1301 905 1371 όν
925 1332 968 1390 με
991 1307 1074 1393 χειρὶ
1097 1304 1245 1394 φονεόοι,

245 1407 302 1472 ubi
324 1409 407 1493 Ajax
429 1411 570 1474 omnium
590 1409 790 1474 Achaeorum
810 1412 902 1476 timet
922 1412 1083 1477 ultionem.
1132 1411 1197 1476 Nec
1216 1411 1355 1476 alienum

245 1510 370 1574 videtur
391 1512 535 1576 conferre
558 1511 638 1576 Phil.
661 1512 800 1590 v.1243‚
820 1513 877 1577 ubi
899 1513 1009 1578 Ulixes
1029 1514 1194 1596 quaerenti
1216 1513 1355 1594 Neopto·

247 1611 345 1676 lemo:
377 1608 428 1690 τίς
450 1609 544 1679 ἔσται
565 1608 598 1695 μ’
621 1607 857 1679 συίτικωλόσων
880 1611 975 1694 acida·
1201 1618 1203 1622 ’

245 1714 431 1796 respondet:

375 1813 506 1899 ξύμπας
519 1811 660 1899 Ἀχαιῶν
681 1815 774 1895 λαός·

246 1924 343 2001 atque
364 1926 530 2002 praeterea
551 1944 579 1984 v.
606 1921 704 1985 1250:

376 2020 515 2106 στρατὸν
537 2017 566 2088 δ’
582 2015 723 2102 Ἀχαιῶν
745 2016 783 2087 οὗ
806 2027 914 2109 φοβεῖ,
939 2019 1097 2107 πράσσων
1119 2020 1215 2099 adde,-

245 2145 275 2187 v.
301 2123 399 2187 1257:

375 2231 422 2310 τῷ
444 2224 480 2290 δὲ
503 2222 672 2307 σύμπαντι
690 2216 825 2312 Ιστρατῷ

374 2325 456 2408 λέξω
476 2321 549 2393 τόδ’
571 2325 689 2408 ἐλθών,
713 2324 750 2405 ὅς
772 2350 809 2394 σε
830 2327 1058 2416 τιμωρήσεται.

245 2453 274 2494 v.
300 2430 382 2493 1293
404 2452 494 2512 sqq:

373 2529 436 2616 ἐγὼ
459 2526 488 2596 δ’
508 2526 650 2598 ἀπαυδῶ
672 2526 700 2617 y'
722 2528 767 2611 ῶς
789 2530 866 2598 θεοὶ
891 2527 1074 2618 ξυνίστορες

374 2629 458 2720 ὑπέρ
480 2627 508 2698 τ’
530 2629 701 2723 Ἀτρειδῶν
723 2639 784 2699 τοῦ
805 2659 842 2700 τε
864 2630 1057 2717 σύμπαντος
1080 2637 1230 2720 στρατοῦ,

241 2736 360 2825 ‚quibus
380 2736 465 2801 idem
487 2759 668 2821 expressum
689 2739 874 2826 invenimus.
926 2737 1025 2802 Nobis
1053 2743 1159 2802 autem
1182 2736 1243 2800 hac
1264 2737 1297 2799 in
1320 2757 1354 2800 re

245 2839 510 2904 considerandum
541 2847 604 2920 est,
641 2841 799 2922 quomodo
827 2840 958 2905 Periclis
986 2841 1185 2922 potissimum
1213 2844 1362 2920 tempore

242 2939 410 3025 judicandi
449 2948 657 3024 potestatem,
700 2964 782 3024 quae
823 2945 950 3025 proprie
987 2943 1081 3006 certis
1119 2939 1355 3025 magistratibus

245 3043 307 3108 fuit
328 3043 449 3109 tributa
466 3047 513 3129 2),
548 3046 685 3128 populus
708 3045 850 3127 sibiipsi
872 3046 973 3128 magis
994 3045 1156 3126 magisque
1178 3043 1355 3108 vindicave-

245 3147 290 3210 rit
304 3148 343 3231 3).
394 3146 498 3229 Atque
519 3167 582 3228 quo
604 3145 739 3212 liberum
771 3148 839 3231 ejus
867 3145 1034 3211 arbitrium
1063 3146 1264 3228 processerit,
1293 3145 1354 3209 hoc

246 3246 367 3313 crudeli
388 3249 445 3313 illo
463 3248 604 3333 judicia»
616 3271 637 3313 a
650 3249 760 3333 populi
781 3250 928 3313 contione
949 3249 989 3314 de
1011 3248 1143 3313 ducibus
1164 3248 1203 3311 iis
1224 3247 1354 3323 factum,

246 3455 449 3464 m—

320 3604 341 3672 1)
378 3603 413 3657 ci,
432 3621 458 3657 v.
476 3603 528 3654 906
547 3619 596 3670 sq,
614 3601 663 3655 ubi
681 3601 820 3670 Antigona
838 3601 919 3656 dicit:

476 3684 532 3741 οὔτ’
551 3691 577 3740 εί
595 3684 677 3746 πόσις
694 3706 744 3758 μοι
762 3685 909 3741 κατθανὼν
927 3684 1043 3753 ἐτήκετο,

476 3780 523 3843 βίᾳ
543 3777 663 3827 πολιτῶν
680 3772 756 3827 τόνδ’
775 3772 809 3827 ἂν
827 3773 935 3846 ἠρόμην
953 3773 1053 3827 πόνον·

244 3865 299 3920 nisi
318 3864 390 3917 forte
407 3868 544 3932 praestat,
568 3881 630 3917 cum
657 3864 782 3931 plurimis
805 3864 1004 3931 interpretibus
1030 3864 1098 3916 hoec
1120 3863 1205 3916 verba
1223 3861 1351 3929 Sophocli

244 3952 413 4021 abjudicare.

316 4041 338 4104 2)
373 4038 407 4091 of.
421 4039 498 4091 Dem.
512 4055 536 4092 c.
549 4039 657 4091 Macart
678 4038 701 4108 ᾗ.
713 4038 759 4089 71:
780 4031 828 4094 τὰς
847 4037 878 4090 δὲ
898 4035 977 4094 δίκας
994 4035 1065 4088 είναι
1083 4038 1146 4105 περὶ
1165 4031 1267 4087 τούτων
1285 4032 1355 4102 πρὸς

244 4123 308 4185 τοὺς
325 4121 468 4197 ἄρχοντας,
487 4115 525 4177 ὧν
543 4124 653 4178 ἕκαστοι
670 4124 801 4176 δικασταί
815 4128 893 4175 εἰσιν.

316 4215 339 4282 3)
375 4213 410 4268 cf.
428 4212 501 4265 Plut.
519 4232 544 4265 v.
563 4213 682 4266 Cimonis
701 4213 727 4267 O·
750 4215 799 4264 15:
838 4214 932 4268 τελέως
959 4207 1101 4267 ἀνεθέντες
1130 4211 1157 4260 οἱ
1183 4211 1282 4260 πολλοὶ
1307 4212 1353 4260 καὶ

247 4305 411 4371 συγχέαντες
429 4296 478 4351 τὸν
496 4304 656 4352 καθεστῶτα
673 4303 721 4365 τῆς
741 4300 879 4355 πολιτείας
898 4295 1003 4368 κόσμον
1025 4336 1029 4347 .
1051 4336 1055 4346 .
1074 4337 1079 4349 .
1098 4301 1153 4348 τῶν
1171 4296 1353 4365 δικαστηρίων

246 4393 356 4460 κυρίους
374 4383 486 4445 ἑαυτοὺς
503 4384 667 4454 ποιήσαντες
686 4390 724 4444 εἰς
743 4381 862 4457 ἄκρατον
881 4385 1069 4456 δημοκρατίαν
1091 4384 1250 4450 είςέβαλλον.
