3334 5217
810 547 853 613 53

279 740 334 821 qui
355 759 392 802 00
414 738 550 803 maxime
572 737 718 802 nituntur
739 744 941 822 argumento,
975 736 1060 819 quod
1089 722 1188 818 apud¹
1202 737 1384 819 posterioris

276 841 392 907 aetatis
421 840 602 906 fabularum
633 841 803 924 scriptores
832 839 970 922 plurima
997 839 1201 904 inveniuntur
1229 840 1384 922 exempla,

277 943 391 1026 quibus
413 943 467 1008 ille
488 943 677 1026 expiationis
699 964 774 1007 usus
793 943 863 1026 jam
885 942 1034 1008 heroibus
1054 942 1223 1020 tribuitur3
1260 963 1323 1025 qua
1345 940 1384 1006 (10

276 1069 310 1112 re
332 1046 457 1128 copiose
479 1045 627 1111 disseruit
647 1044 785 1124 Lobeck,
808 1044 964 1128 Aglaoph.
987 1067 1017 1127 p.
1040 1045 1112 1124 301,
1135 1044 1208 1124 302,
1230 1044 1292 1109 968
1315 1065 1382 1127 sqq.

360 1147 433 1213 «lam
455 1169 529 1212 vero
556 1147 694 1231 primum
723 1149 791 1231 ejus
820 1148 986 1232 vestigium
1008 1147 1099 1212 nobis
1120 1148 1244 1213 exsistit
1265 1149 1299 1211 in
1321 1146 1384 1212 Hc·

277 1251 358 1316 siodi
380 1251 515 1334 catalog.
537 1250 623 1334 apud
639 1251 736 1315 schol.
760 1250 797 1315 ll.
806 1255 847 1329 Β,
862 1250 939 1315 336:
958 1244 1120 1336 Ἡρακλῆς
1141 1247 1200 1335 γὰρ
1223 1247 1383 1335 ἐπιστρα-

276 1349 394 1431 τεύσας
414 1357 455 1439 τῇ
473 1349 577 1438 Πύλῳ
600 1348 715 1418 διὰτὸ
736 1349 781 1439 μὴ
805 1357 1017 1440 καθαρθῆναι
1040 1345 1139 1416 αὐτὸν
1159 1346 1227 1416 tat
1250 1348 1384 1438 Νήλεως

276 1452 333 1521 τὸν
352 1449 474 1542 Ἰφίτου
496 1451 597 1540 φόνον
619 1495 659 1504 -
682 1452 788 1532 πολὺς
814 1446 854 1543 ἦν
883 1459 1023 1540 πορθῶν
1051 1450 1109 1540 τὴν
1136 1450 1249 1534 πόλιν,
1287 1463 1384 1538 atque

276 1559 362 1642 apud
384 1558 549 1623 Arctinum
565 1559 597 1623 in
615 1559 811 1642 Aethiopide
834 1558 890 1623 ubi
911 1558 1050 1624 Achilles
1071 1563 1200 1640 propter
1222 1557 1385 1624 Thersitae

276 1662 405 1728 caedem
426 1667 583 1745 purgatur
605 1661 646 1728 ab
669 1662 763 1727 Ulixe
786 1661 839 1742 (01.
856 1661 961 1726 Photii
975 1666 1124 1743 excerpta
1138 1661 1283 1744 Aethiop.
1299 1662 1385 1745 apud

276 1765 426 1844 Diintzer,
448 1764 638 1849 Fragmenta
660 1764 717 1830 der
738 1765 887 1848 epischen
908 1765 1017 1830 Poesio
1040 1763 1069 1828 d.
1093 1762 1249 1828 Griechen
1271 1785 1301 1846 p.
1322 1764 1383 1843 16).

276 1868 452 1933 Posteriora
474 1873 582 1932 autem
603 1873 708 1933 aetate
731 1889 803 1933 cum
825 1867 867 1932 ab
889 1867 975 1945 aliis,
1002 1873 1071 1932 tum
1093 1888 1112 1931 a
1133 1867 1262 1950 tragicis
1283 1868 1384 1950 poetis

276 1991 340 2035 non
367 1969 461 2034 modo
490 1971 718 2036 contaminatio
747 1970 918 2040 homicidio
947 1974 1101 2052 concepta
1128 1969 1183 2034 sed
1212 1970 1308 2035 etiam
1330 1991 1384 2034 ex-

276 2073 376 2157 piatio
398 2072 449 2136 vel
471 2072 619 2138 lustratio
639 2073 766 2138 heroico
788 2095 866 2138 aevo
884 2075 952 2157 jam
974 2072 1100 2155 cognita
1122 2073 1303 2156 saepissimo
1324 2071 1384 2136 fin-

276 2176 369 2259 gitur.
412 2174 525 2258 Itaque
545 2175 631 2258 apud
646 2175 845 2258 Sophoclem,
867 2176 905 2241 de
929 2196 992 2257 quo
1015 2196 1078 2240 uno
1101 2174 1193 2240 nobis
1215 2174 1384 2240 dicendum

276 2283 340 2356 est,
374 2278 485 2343 heroes
510 2279 560 2343 his
588 2279 627 2344 dc
652 2278 747 2344 rebus
774 2301 840 2343 non
861 2279 954 2343 aliter
977 2279 1133 2356 sentiunt,
1168 2283 1263 2360 atque
1285 2279 1384 2361 ipsius

276 2386 419 2464 tempore
441 2380 480 2445 de
502 2381 541 2446 iis
559 2382 774 2466 judicabatur.
819 2379 866 2445 Cf.
889 2380 938 2465 Aj.
962 2379 1026 2444 654
1047 2401 1115 2462 sqq.
1137 2382 1212 2445 Ant.
1238 2380 1296 2443 141
1314 2401 1382 2463 sqq.

278 2482 340 2547 776
362 2503 430 2566 sqq.
453 2482 525 2547 889.
553 2483 602 2547 El.
627 2483 676 2547 70.
700 2484 772 2548 275.
794 2483 867 2547 445.
899 2482 974 2548 Oed.
998 2482 1065 2548 Col.
1088 2483 1160 2547 548.
1188 2481 1278 2550 1371.
1308 2482 1383 2548 Oed.
1443 2483 1447 2492 “

276 2585 347 2669 Tyr.
367 2584 418 2648 97.
449 2585 491 2649 99
513 2606 582 2668 sqq.
617 2587 687 2651 101.
718 2585 788 2649 138.
820 2585 892 2649 241.
921 2585 993 2649 256.
1022 2585 1094 2649 313.
1118 2584 1189 2648 353.
1213 2585 1286 2649 402.
1310 2585 1382 2650 823.

279 2688 370 2752 1012.
396 2687 477 2752 1227
496 2709 564 2770 sqq.
591 2688 672 2753 1426
688 2709 768 2770 sqq,
790 2688 846 2754 ubi
868 2687 979 2766 Creon,
1002 2709 1042 2753 00
1064 2689 1134 2771 ipsa
1155 2693 1251 2765 terra,
1273 2687 1384 2767 imber,

275 2790 382 2855 lumen
411 2789 581 2874 Oedipodis
614 2791 783 2856 sceleribus
812 2791 1019 2873 polluantur,
1055 2789 1284 2873 providendum
1316 2811 1384 2856 esse

276 2899 391 2958 censet.
442 2894 546 2975 Atque
568 2894 626 2957 tali
647 2915 754 2959 rerum
776 2893 1037 2976 contemplationi
1059 2894 1111 2958 lex
1136 2893 1194 2957 illa
1214 2894 1385 2960 Dracontis

275 3016 405 3080 prorsus
426 2995 550 3060 videtur
571 2994 771 3079 respondere,
795 3017 891 3079 quarn
912 3017 932 3060 a
952 2996 1115 3061 Demosth.
1132 3017 1159 3060 0.
1174 2995 1263 3078 Lept.
1282 3000 1311 3078 ξ.
1323 2995 1383 3061 158

276 3099 408 3163 allatam
436 3098 628 3162 invenimus:
665 3095 699 3161 ἐν
728 3093 837 3162 τοίνυν
869 3100 940 3175 τοῖς
970 3095 1047 3186 περὶ
1073 3093 1197 3162 τούτων
1224 3094 1336 3180 νόμους
1364 3093 1382 3163 δ

277 3196 416 3286 Δράκων
437 3196 579 3288 φοβερὸν
601 3196 849 3281 κατασκευάζων
865 3240 906 3248 -
920 3199 976 3265 καὶ
991 3197 1131 3287 γράφων,
1153 3199 1301 3290 χέρνιβος
1316 3195 1383 3287 εἴρ-

277 3307 397 3388 γεσθαι
420 3299 477 3367 τὸν
500 3295 711 3391 α’νδροφόνον,
737 3302 899 3383 σπονδῶν,
929 3300 1103 3391 κρατήρων,
1131 3298 1232 3387 ἱερῶν,
1255 3296 1383 3390 ἀγορᾶς,

277 3402 388 3470 πάντα
414 3395 519 3469 τᾶλλα
543 3400 687 3471 διελθὼν
716 3395 767 3483 οἷς
793 3400 926 3487 μάλιστ’
947 3398 986 3469 δν
1012 3428 1103 3482 τινας
1131 3399 1212 3492 ᾤετο
1237 3399 1385 3488 ἐπισχεῖν

277 3511 335 3572 τοῦ
356 3502 506 3572 τοιοῦτόν
528 3529 562 3571 τι
584 3509 695 3572 ποιεῖν
718 3507 773 3591 (01.
789 3509 918 3592 Antiph.
942 3531 979 3572 π.
1002 3529 1030 3571 τ.
1053 3530 1175 3593 χορευτ.
1200 3514 1229 3590 ξ.
1244 3511 1299 3590 4.),
1321 3531 1385 3592 qua

277 3611 346 3693 lege
372 3608 532 3676 homicida
561 3611 602 3675 ab
632 3611 718 3674 omni
747 3611 911 3676 hominum
940 3610 1131 3692 deorumque
1158 3612 1384 3677 consuetudine

277 3711 464 3778 excluditur.
509 3711 600 3791 Quod
631 3718 785 3796 quantum
814 3713 913 3778 distat
933 3713 974 3778 ab
998 3713 1151 3793 Homero,
1183 3715 1269 3797 apud
1290 3736 1384 3797 quem

276 3814 520 3898 Theoclymenes
540 3815 604 3894 ille,
627 3822 757 3899 propter
779 3815 908 3881 caedem
930 3816 1064 3900 fugiens,
1086 3817 1232 3882 innoxius
1252 3817 1384 3884 interest

277 3915 432 3984 sacrificio
453 3916 508 3999 (01.
532 3917 589 3982 0(1.
606 3941 633 3995 ο,
651 3918 733 3996 224;
754 3917 818 3982 254
834 3920 928 4001 sqq).
991 3919 1203 3984 Nihilominus
1223 3941 1297 3985 vero
1319 3941 1384 3985 non

276 4020 371 4087 modo
394 4019 582 4102 Sophocles,
615 4021 671 4086 sed
693 4021 789 4085 ceteri
812 4021 907 4084 etiam
935 4022 1050 4105 tragici
1070 4028 1183 4105 poetae
1204 4021 1284 4087 illud
1305 4043 1383 4106 quo-

276 4147 338 4208 quc
352 4123 542 4202 institutum,
564 4142 756 4205 quamquam
779 4124 907 4187 omnino
930 4124 1081 4190 abhorret
1102 4125 1143 4189 ab
1164 4123 1309 4190 heroicas
1331 4146 1384 4190 ae-

275 4229 352 4293 tatis
374 4224 525 4304 moribus,
546 4224 620 4288 huic
641 4225 750 4290 tamen
769 4224 959 4291 tribuerunt.
1001 4228 1073 4305 ¹Qua
1095 4226 1134 4291 de
1152 4247 1186 4290 ro
1202 4226 1384 4292 conferendi

277 4336 351 4396 sunt
371 4326 467 4412 Soph.
491 4326 567 4393 Oed.
589 4326 660 4412 Tyr.
681 4349 710 4390 v.
732 4327 796 4392 236
817 4349 886 4412 sqq.

403 4425 461 4494 τδν
478 4419 568 4517 ἄνδρ’
588 4423 729 4494 α’παυδῶ
749 4434 875 4512 τοῦτον,
899 4427 991 4510 ὅστις
1013 4427 1093 4515 ἐστι’,
1116 4435 1174 4520 γῆς
