3334 5217
782 526 824 590 25

252 722 358 781 tamus
385 715 543 780 extulisse.
588 713 630 777 Et
658 713 708 777 his
736 712 864 795 quidem
893 735 930 779 ea
957 713 1082 790 fabula,
1115 734 1196 794 quae
1219 713 1356 795 Oedipus

253 818 410 883 Coloneus
438 817 643 898 inscribetur,
679 822 794 894 scatet3
830 817 864 879 in
893 836 957 897 qua
985 817 1112 897 etipsa
1137 814 1226 879 utin
1248 815 1356 898 Ajace,

251 927 347 1004 poeta
368 941 577 1003 personarum
599 918 809 1001 descriptione
834 939 1002 1000 rerumque
1023 917 1204 982 narratione
1227 939 1356 1000 prorsus

253 1022 295 1087 ad
325 1043 401 1086 suae
430 1023 553 1104 patriae
581 1041 772 1102 suorumque
800 1022 915 1085 civium
940 1021 1079 1084 rationes
1106 1041 1174 1084 sese
1194 1019 1356 1103 adjunxit3

252 1126 327 1190 illae
355 1145 428 1190 vero
449 1123 647 1188 Athenarum
673 1121 784 1187 laudes
814 1143 921 1186 omnes
943 1123 1008 1187 fere
1030 1128 1103 1186 sunt
1124 1121 1288 1206 ejusmodi,
1310 1129 1356 1201 ut,

253 1248 446 1310 quamquam
467 1249 507 1291 ex
521 1225 687 1308 Sophoclis
709 1225 807 1307 ipsius
822 1226 935 1288 aetatis
950 1226 1106 1290 sententia
1125 1224 1261 1288 maxime
1283 1232 1357 1289 suut

253 1331 372 1408 dictae,
401 1335 509 1393 tamen
531 1329 627 1393 etiam
649 1327 691 1391 ad
711 1327 877 1409 antiquum
899 1328 967 1410 ejus
988 1327 1075 1392 urbis
1098 1332 1232 1404 statum,
1255 1327 1356 1409 qualis

252 1431 371 1496 Theseo
392 1436 546 1513 regnante
567 1429 747 1512 fingebatur
767 1429 880 1516 fuisse,
914 1429 1097 1494 referendae
1125 1430 1197 1493 sint.
1245 1429 1356 1511 Itaque
1397 1438 1401 1446 '

252 1534 315 1598 huc
344 1533 410 1597 iere
439 1539 565 1597 tantum
593 1533 750 1614 pertinet,
783 1533 868 1613 quod
890 1532 966 1596 Oed.
989 1531 1055 1595 Col.
1085 1553 1112 1594 v.
1131 1531 1190 1595 108
1213 1531 1356 1595 Athenae

253 1638 371 1700 πασῶν
400 1629 581 1720 τιμιωτάτη
612 1628 713 1710 πόλις
741 1635 962 1710 nominantur,
992 1655 1127 1716 quocum
1150 1633 1356 1699 conferendus

253 1743 301 1802 est
321 1761 349 1802 v.
367 1736 438 1815 733,
459 1736 515 1801 ubi
536 1734 637 1801 Creon
659 1735 751 1800 dicit:
774 1731 858 1819 πρὸς
880 1731 980 1798 πόλιν
1002 1728 1031 1799 δ’
1053 1731 1236 1816 ἐπίσταμαι

468 1836 653 1903 σθένουσαν
672 1832 757 1924 ἥκων
779 1832 813 1901 εἴ
830 1835 890 1902 τιν’
909 1833 1063 1914 Ἑλλάδος
1083 1834 1182 1922 μέγα.

253 1962 335 2023 quae
357 1940 428 2004 laus
451 1961 489 2004 ex
511 1945 624 2022 poetae
645 1941 748 2004 solum
768 1946 927 2023 tempore,
961 1962 1024 2023 quo
1049 1940 1138 2004 illam
1168 1939 1278 2005 urbem
1300 1961 1356 2022 po-

251 2043 353 2106 tentia
374 2043 576 2125 omniumque
596 2065 702 2107 rerum
723 2042 931 2124 amplitudine
957 2042 1048 2107 nulla
1068 2042 1134 2108 fere
1154 2041 1219 2106 alia
1240 2063 1356 2127 aequa-

251 2145 317 2223 bat,
338 2150 445 2228 potest
467 2145 610 2230 intelligi.
634 2181 676 2191 —

764 2448 793 2526 e.
815 2444 845 2508 e.

336 2607 374 2672 In
395 2606 605 2689 descriptione
626 2607 684 2671 illa
705 2606 853 2671 ludorum
875 2606 1109 2688 Delphimrnm,
1133 2627 1214 2689 quae
1236 2608 1269 2670 in
1283 2608 1356 2672 Ele-

253 2715 340 2774 ctrae
362 2732 409 2773 vv.
433 2708 497 2772 680
512 2729 580 2790 sqq.
603 2709 735 2789 exsistit,
757 2709 790 2772 in
811 2708 980 2773 afferendis
1002 2709 1049 2786 iis,
1072 2710 1126 2791 qui
1149 2709 1187 2774 de
1206 2711 1356 2775 victoriae

253 2811 373 2876 honore
387 2813 472 2876 inter
487 2833 520 2875 se
536 2817 707 2890 certarunt,
729 2812 932 2895 paedagogus
947 2834 974 2875 v.
992 2810 1053 2874 702
1070 2807 1128 2875 δύο
1142 2808 1277 2896 Λίβυας
1291 2835 1355 2877 me-

252 2919 372 2992 morat,
402 2934 538 2995 quorum
558 2915 697 2996 patriam
719 2915 871 2994 Baream,
904 2913 1094 2997 Cyrenaicae
1122 2914 1233 2978 urbem
1260 2915 1356 2978 fuisse

252 3037 291 3078 ex
312 3038 340 3079 v.
358 3014 430 3092 727,
459 3015 514 3080 ubi
534 3010 714 3097 Βαρκαίοις
735 3007 824 3096 ’όχοις
846 3016 927 3080 vecti
948 3037 1016 3079 esse
1038 3015 1196 3094 dicuntur,
1229 3017 1356 3081 conclu·

252 3118 284 3182 di
306 3118 388 3182 licet.
433 3118 536 3194 Quum
558 3139 632 3182 vero
656 3122 788 3196 constet,
809 3118 937 3182 illorum
959 3118 1166 3182 certaminum
1187 3119 1355 3202 participes

251 3241 319 3285 esse
347 3242 412 3285 non
440 3219 511 3283 aliis
537 3221 633 3285 fuisse
655 3241 853 3300 concessum,
888 3241 925 3284 ac
956 3219 1011 3300 qui
1032 3220 1226 3286 Graecorum
1254 3225 1357 3305 gentis

251 3329 364 3401 essent,
387 3323 422 3386 in
443 3344 482 3386 ea
501 3344 536 3387 re
557 3328 652 3404 poeta
671 3330 849 3405 temporum
871 3322 1026 3386 rationem
1047 3325 1194 3406 neglexit,
1216 3323 1301 3406 quod
1323 3325 1356 3387 in

250 3424 361 3488 urbem
390 3423 480 3488 illam
509 3425 644 3489 Baream
669 3426 739 3509 jam
765 3425 899 3490 ‘Orestae
927 3429 1031 3489 aetate
1061 3427 1189 3492 colonos
1218 3427 1356 3492 Graecos

250 3526 328 3590 iacit
349 3524 510 3590 deductos.
554 3526 656 3591 Multo
678 3527 762 3591 enini
784 3533 872 3609 post,
906 3549 932 3592 c.
956 3526 1079 3610 Olymp.
1102 3527 1188 3593 LVII
1206 3531 1232 3614 ¹)
1255 3550 1293 3594 ea
1314 3529 1354 3593 ab

252 3628 420 3706 Arcesilai,
449 3627 590 3711 Cyrenae
610 3631 638 3714 2)
665 3630 748 3711 regis
770 3629 923 3693 fratribus
944 3629 1068 3707 Perse0,
1090 3631 1262 3714 Zacyntho,
1286 3633 1356 3696 Ari-

251 3728 452 3807 stomodone,
489 3731 574 3814 Lyco
603 3732 753 3815 (quorum
773 3732 903 3796 nomina
925 3730 1104 3812 Stephanus
1125 3733 1256 3816 Byzant.
1280 3757 1303 3798 s.
1326 3757 1353 3798 v.

250 3826 363 3917 Βάρκη
385 3831 502 3918 affert),
530 3833 585 3914 qui
607 3855 679 3898 cum
700 3854 738 3898 eo
760 3834 956 3900 dissidebant
977 3834 1104 3898 condita
1126 3841 1182 3900 est.
1217 3835 1256 3900 cf.
1279 3835 1354 3900 Her.

249 3934 302 4012 IV,
327 3934 397 3997 160.
427 3934 535 4016 Steph.
558 3935 632 4020 Byr.
656 3935 677 3998 l.
693 3935 714 3998 l.
764 3934 1029 4000 Commemoravit
1056 3941 1161 4002 autem
1187 3944 1281 4021 poeta
1302 3938 1355 4002 Li-

254 4101 460 4109 -—-———.

319 4202 341 4271 ¹)
378 4202 413 4256 cf.
432 4203 521 4270 Peter,
539 4204 688 4257 Zeittafelu
706 4205 756 4257 der
773 4203 877 4274 griech.
897 4204 994 4259 Gesclr.
1014 4224 1040 4274 p.
1054 4207 1096 4260 29.

318 4314 341 4380 2)
378 4315 453 4381 Quae
470 4319 499 4369 et
515 4316 576 4385 ipsa
593 4319 700 4371 colonia
713 4323 773 4370 erat
784 4319 892 4384 Dorica,
912 4319 1031 4372 aThera
1050 4320 1139 4372 insula
1158 4322 1198 4374 Ol.
1213 4323 1351 4392 XXXVII,

248 4401 409 4455 2deducta.
429 4403 465 4456 cf.
483 4403 548 4457 Her.
560 4405 607 4472 IV,
629 4408 678 4457 1ὁο
718 4407 776 4459 167.
811 4407 938 4460 Strabon.
958 4407 1056 4462 esra
1092 4408 1246 4462 Pelorid.
1269 4413 1353 4478 p.29.
