3334 5217
324 1453 428 1530 Quum
450 1454 525 1518 inde
547 1476 586 1518 ex
608 1475 645 1518 eo
666 1461 824 1535 tempore,
860 1475 923 1536 quo
946 1454 1138 1536 philologiae
1164 1455 1270 1518 studio
1290 1477 1342 1520 me

238 1554 328 1633 dedi,
350 1555 516 1638 Sophoclis
538 1555 654 1619 fabulis
676 1577 804 1638 operam
826 1575 1007 1634 navassem,
1030 1577 1088 1620 nec
1110 1555 1152 1620 ad
1174 1555 1342 1621 Homerica

238 1658 381 1722 carmina
408 1656 599 1741 perlegenda
627 1662 659 1721 et
688 1657 908 1740 cognoscenda
932 1657 1113 1723 incumbere
1142 1657 1341 1735 destitissem,

237 1759 402 1840 utriusque
425 1765 536 1842 poetae
558 1759 704 1824 heroicae
725 1760 840 1824 aetatis
862 1759 1122 1842 descriptionem,
1150 1779 1341 1842 quamquam

237 1861 281 1925 ad
302 1861 434 1926 eandem
454 1883 522 1926 rem
543 1861 724 1943 pertineret,
746 1867 855 1925 tamen
877 1861 964 1925 haud
986 1862 1095 1944 paucis
1117 1861 1194 1926 locis
1209 1862 1294 1927 inter
1309 1883 1341 1927 se

238 1961 364 2027 differre
384 1985 450 2027 non
469 1963 647 2046 intelligere
667 1983 733 2027 non
754 1963 852 2046 potui.
897 1963 989 2027 Hunc
1012 1962 1095 2027 enim
1117 1962 1151 2026 in
1173 1985 1210 2028 ea
1232 1964 1341 2048 depin-

237 2064 350 2147 genda,
373 2071 529 2146 quatenus
551 2063 621 2130 fieri
642 2066 746 2147 potuit
768 2067 934 2129 veritatem
957 2069 1099 2130 secutum
1122 2086 1190 2131 esse
1211 2087 1341 2149 persua·

237 2187 309 2230 snm
330 2166 510 2244 habebam,
546 2167 637 2232 illum
664 2173 776 2231 contra
797 2187 903 2232 rerum
927 2187 1054 2231 suorum
1077 2171 1255 2250 temporum
1278 2174 1341 2234 sta·

237 2273 306 2332 tum
328 2289 464 2351 suaeque
485 2269 584 2352 ipsius
605 2268 740 2333 civitatis
762 2268 974 2333 conditionem
995 2269 1030 2332 in
1051 2269 1179 2334 heroica
1201 2274 1305 2335 transt
1327 2308 1341 2321 ·

237 2370 312 2434 lisse
333 2371 537 2453 reperiebam.

325 2471 417 2548 Quod
438 2472 588 2553 quidem,
625 2477 662 2536 ut
690 2493 747 2555 per
774 2493 807 2536 se
822 2473 944 2536 ⁴mirum
965 2471 1065 2538 videri
1087 2492 1152 2537 non
1173 2477 1278 2554 potest
1299 2512 1340 2520 —-

237 2573 326 2638 aliud
347 2574 430 2638 enim
452 2578 546 2656 poeta
573 2574 704 2656 epicos,
741 2572 829 2637 ahud
858 2574 997 2656 tragicus
1026 2574 1060 2638 in
1086 2573 1252 2638 scribendo
1282 2574 1342 2640 sibi

238 2676 387 2760 proponit
409 2713 450 2721 -—
471 2676 517 2739 ita
537 2680 646 2740 tamen
661 2694 776 2758 operae
789 2675 926 2757 pretium
941 2675 1093 2758 putabam
1109 2691 1186 2752 esse,
1207 2674 1241 2739 id
1256 2675 1341 2757 quod

238 2778 368 2842 mutatis
390 2777 549 2841 mutandis
571 2798 680 2841 omnes
701 2777 841 2841 omnium
863 2784 1042 2860 temporum
1063 2777 1243 2841 fabularum
1265 2777 1342 2840 sori-

238 2885 345 2964 ptores
366 2880 399 2942 in
422 2900 456 2942 se
478 2878 643 2942 admisisse
664 2884 814 2956 constat,
851 2879 884 2942 in
906 2899 969 2943 uno
991 2878 1047 2942 illo
1069 2878 1226 2961 Sophocle
1248 2901 1342 2943 accu-

238 2982 339 3046 ratius
361 2980 567 3063 perquirere,
605 3000 703 3061 quum
724 2980 785 3045 hac
806 3002 841 3045 re
863 2980 905 3044 ad
927 2980 1012 3044 hunc
1035 2985 1163 3064 poetam
1184 2986 1270 3045 recte
1291 2981 1341 3044 in-

238 3082 444 3166 telhgendum
471 3087 567 3163 atque
595 3082 869 3164 interpretandum
903 3081 1057 3147 nonnulla
1093 3103 1253 3164 sperarem
1290 3105 1341 3148 me

238 3207 306 3252 esse
328 3185 526 3250 collaturum.

323 3287 520 3368 Quamquam
543 3291 650 3350 autem
671 3284 704 3348 id
725 3307 880 3349 summum
904 3284 983 3349 mihi
1005 3284 1172 3350 videbatur
1194 3307 1275 3364 esse,
1305 3295 1341 3352 ut

237 3391 271 3454 in
292 3390 353 3453 hac
375 3410 410 3453 re
430 3387 622 3452 illustranda
644 3408 741 3469 quam
762 3387 933 3471 plurimum
957 3386 1000 3452 ad
1014 3387 1143 3451 Homeri
1157 3387 1255 3471 ipsius
1271 3411 1341 3453 oar·

237 3491 324 3555 mine
345 3488 539 3567 recederem,
568 3510 608 3554 ex
630 3487 745 3570 quibus
767 3510 875 3553 verum
896 3489 1019 3553 heroici·
1037 3489 1106 3553 aevi
1128 3495 1247 3554 statum
1269 3512 1340 3555 cum

234 3593 307 3677 jure
329 3590 467 3674 quodam
488 3589 701 3673 colligendum
723 3611 790 3654 1111
806 3588 877 3674 'jam
899 3612 996 3673 supra
1017 3589 1136 3668 monui,
1158 3591 1218 3655 hoc
1233 3597 1340 3656 tamen

239 3714 363 3759 omnem
383 3694 417 3757 in
439 3697 563 3776 partem
583 3691 652 3757 fieri
673 3712 738 3755 non
760 3714 853 3776 posse
875 3699 991 3758 natura
1014 3693 1082 3776 ejus
1109 3693 1179 3775 ipsa
1199 3694 1247 3757 ita
1269 3693 1340 3770 fert,

238 3819 336 3879 quum
357 3796 447 3861 verbi
469 3814 566 3860 causa
590 3795 730 3858 omnium
751 3815 871 3873 eorum,
893 3815 974 3877 quae
997 3798 1092 3878 poeta
1114 3815 1153 3858 ex
1168 3794 1340 3860 Athenien·

238 3899 319 3962 sium
339 3896 493 3962 institutis
505 3894 719 3980 significarit,
753 3896 822 3979 jam
844 3918 901 3979 per
922 3917 955 3961 se
976 3897 1010 3960 in
1031 3896 1169 3960 Homero
1192 3897 1340 3980 analogia

236 3999 371 4065 inveniri
391 4020 456 4063 non
478 3998 586 4082 possit.
630 3997 668 4062 In
689 3997 869 4062 universum
883 4018 957 4062 vero
973 3997 1164 4063 monendum
1186 4001 1244 4077 est,
1266 4021 1340 4081 poe-

237 4108 314 4179 tam,
337 4101 364 4165 si
384 4100 567 4183 respicimus
590 4101 669 4164 duas
691 4099 812 4182 priores
834 4104 962 4164 nostrae
978 4098 1208 4165 dissertationis
1222 4109 1339 4184 partes,

238 4223 320 4285 quae
349 4202 408 4282 „de
430 4202 524 4267 rebus
546 4201 764 4286 geographicis
791 4208 824 4266 11
845 4201 1123 4285 ethnographicis“
1153 4208 1250 4285 atque
1280 4203 1340 4280 „de

127 4304 131 4308 “
237 4304 332 4369 rebus
352 4304 507 4388 publicis“
528 4304 700 4386 inscriptae
721 4309 805 4381 sunt,
827 4303 861 4366 in
883 4303 933 4367 his
953 4303 1043 4368 illam
1064 4309 1241 4386 temporum
1264 4324 1339 4369 con-

237 4405 393 4472 fusionem
419 4405 577 4490 duplicem
604 4406 638 4470 in
666 4405 795 4470 modum
823 4405 857 4469 in
887 4425 921 4470 se
947 4405 1120 4470 admisisse.
1165 4405 1228 4470 Aut
1255 4405 1339 4470 enim
