3334 5217
873 525 894 588 6

332 734 457 790 rerum,
485 712 595 794 quales
617 712 791 794 posteriore
813 712 939 776 demum
961 715 1066 778 aetate
1088 713 1300 792 exsistebant,
1329 716 1436 798 sogni-

267 819 272 824 ’
332 815 452 880 tionem
471 812 598 879 induxit
618 835 788 897 personas,
809 834 889 897 quas
911 813 944 877 in
967 834 1093 878 scenam
1115 814 1281 896 produxit,
1310 816 1436 882 disertis

332 917 435 982 uerbis
457 923 552 998 atque
574 916 738 982 sententiis
759 937 838 999 prae
859 936 892 980 se
914 914 1076 993 ferentes,
1106 920 1162 980 aut
1183 938 1253 981 eam
1271 918 1436 1001 judicandi

331 1019 509 1096 rationem,
536 1039 600 1100 qua
621 1018 685 1083 illis
706 1017 900 1101 temporibus
922 1017 1005 1082 cives
1027 1017 1095 1101 ejus
1117 1017 1257 1101 singulas
1279 1038 1329 1082 res
1351 1040 1435 1084 com·

332 1120 429 1203 plecti
451 1119 606 1198 solebant,
627 1121 661 1186 in
684 1120 832 1186 heroibus
855 1118 1069 1185 describendis
1091 1119 1260 1201 expressit3
1288 1141 1347 1185 neo
1365 1099 1436 1187 dine

332 1221 437 1286 studio
458 1221 597 1303 quodam
618 1222 767 1305 populari
794 1222 856 1286 hoo
885 1220 926 1286 ab
954 1239 991 1284 eo
1015 1219 1135 1286 fautum
1156 1241 1247 1299 esse,
1285 1244 1343 1287 suo
1364 1224 1435 1288 loeo

331 1323 423 1387 nobis
444 1324 505 1388 erit
526 1323 754 1406 exponendum.
797 1322 848 1388 Ex
876 1322 1000 1388 duabus
1026 1343 1101 1387 vero
1125 1323 1175 1389 his
1196 1324 1372 1390 rationibus
1393 1326 1435 1390 ad

331 1425 470 1506 reliquas
491 1424 722 1490 dissertationis
743 1431 875 1509 partes,
912 1445 993 1506 quae
1023 1429 1098 1490 sunt
1125 1425 1185 1503 „de
1213 1447 1248 1490 re
1275 1426 1435 1505 militari“‚

332 1526 392 1605 „de
419 1526 514 1590 rebus
541 1528 685 1607 saeris“‚
721 1527 782 1606 „de
810 1526 905 1593 rebus
934 1526 1086 1610 privatis“
1114 1527 1202 1610 prior
1221 1527 1288 1594 fere
1308 1532 1435 1594 tantum

331 1629 476 1712 pertinet.
520 1627 631 1711 Itaque
653 1630 767 1694 harum
789 1628 941 1694 tractatio
962 1649 1019 1711 per
1034 1649 1067 1694 se
1082 1629 1170 1693 clara
1184 1633 1241 1707 est,
1262 1628 1324 1693 nisi
1339 1630 1434 1712 quod,

331 1729 489 1813 quomodo
511 1730 729 1811 quaestionem
751 1729 906 1795 derebus
928 1730 1027 1795 saon‘s
1047 1730 1224 1796 instituturi
1252 1731 1369 1810 simus,
1400 1733 1434 1796 in

233 1825 237 1830 ’
330 1831 529 1916 praefatione
558 1832 653 1916 hujus
683 1832 797 1915 eapitis
825 1832 970 1915 pluribus
991 1832 1214 1916 explicandum
1235 1833 1327 1898 nobis
1347 1833 1433 1899 vide·

330 1940 392 1998 tur.
436 1932 599 2016 Perpenna
618 1956 709 2013 vero,
731 1954 813 2016 quae
834 1934 975 2016 quinque
996 1933 1046 1999 his
1068 1934 1225 2017 capitibus
1246 1935 1340 2000 nobis·
1360 1936 1434 2002 sub·

328 2036 426 2120 jicere
448 2055 513 2099 non
534 2035 619 2114 licet,
640 2037 674 2100 in
695 2041 785 2101 sexta
805 2035 964 2118 particula
985 2025 1123 2102 breviter
1143 2036 1305 2103 addemus.
1421 2052 1425 2056 ·

415 2135 503 2202 Haec
524 2136 564 2202 de
585 2137 729 2220 opuseuli
749 2137 852 2202 nostri
874 2144 1070 2222 argumento,
1082 2138 1317 2223 praemittenda
1331 2145 1432 2206 erant.

331 2239 443 2322 Itaque
463 2238 506 2304 ad
527 2239 723 2323 propositum
745 2239 849 2323 ipsum
870 2260 928 2306 nos
951 2247 1179 2307 convertamus.
