3334 5217
774 520 812 584 19

238 713 306 770 tum
329 706 476 788 Argiuam
499 708 662 785 decerent,
689 708 836 775 videlicet
855 709 924 792 jam
945 709 1059 775 Acrisii
1081 717 1222 794 tempore
1243 712 1345 778 Dores

238 809 421 890 Argolidem
442 813 560 873 terram
582 809 755 875 incolentes
777 800 886 895 fingit3
922 812 1088 877 notissima
1110 815 1191 878 euim
1214 815 1271 880 illa
1293 837 1345 880 eo-

237 934 309 975 rum
338 907 534 996 βραχυλογία
561 911 690 976 ionibus
718 914 873 996 imprimis
900 915 1087 995 loquacibus
1109 922 1175 981 tam
1196 918 1277 982 mira
1299 919 1344 982 vi-

239 1014 391 1092 debatur,
412 1020 449 1078 ut
469 1015 503 1076 in
525 1014 683 1097 proverbii
704 1014 769 1079 fere
792 1015 1051 1080 consuetudinem
1074 1017 1190 1096 abiret3
1220 1040 1283 1101 qua
1305 1022 1344 1086 de

238 1137 273 1178 re
295 1114 334 1179 cf.
358 1115 439 1178 Plat.
463 1116 543 1198 legg.
566 1139 596 1199 p.
620 1115 702 1194 641,
723 1117 779 1180 ubi
800 1118 915 1200 hospes
939 1119 1017 1182 dicit
1038 1119 1256 1189 Atheniensis:
1286 1119 1344 1209 τὴν

239 1212 340 1280 πόλιν
355 1210 500 1293 ἅπαντες
513 1212 604 1304 ἡμῶν
617 1213 769 1305 Ἕλληνες
791 1214 1081 1304 ὑπολαμβάνουσιν
1104 1217 1148 1300 ὡς
1169 1219 1345 1308 φιλόλογός

238 1315 275 1383 τέ
296 1315 368 1382 ἐστι
390 1316 445 1382 καὶ
468 1316 667 1404 πολύλογος,
703 1317 942 1404 Λακεδαίμονα
965 1321 1078 1388 δὲκαὶ
1101 1321 1247 1412 Κρήτην,
1285 1323 1343 1413 τὴν

237 1420 298 1503 μὲν
328 1417 544 1506 βραχύλογον,
574 1422 639 1510 ’τὴν
668 1422 705 1488 δέ
733 1420 912 1488 πολύνοιαν
941 1425 1066 1507 μᾶλλον
1093 1420 1114 1514 ἢ
1144 1424 1344 1512 πολυλογίαν

238 1516 403 1588 ἀσκοῦσαν
417 1525 461 1608 ¹);
485 1525 571 1605 quod
592 1548 665 1590 vero
688 1527 742 1590 ille
764 1527 813 1590 his
835 1527 938 1592 verbis
955 1528 993 1592 de
1009 1528 1265 1596 Lacedaemoniis
1287 1554 1344 1615 po-

237 1627 393 1691 tissimum
414 1626 564 1707 affirmat,
586 1629 619 1692 id
641 1630 675 1692 in
695 1631 877 1694 universnm
897 1630 1008 1694 eodem
1023 1632 1088 1696 fere
1099 1633 1172 1716 jure
1187 1633 1220 1697 in
1235 1655 1343 1699 omues

237 1729 339 1794 Dores
367 1731 551 1808 convenire,
587 1732 740 1814 imprimis
777 1753 816 1796 ex
853 1732 1042 1798 scholiastae
1073 1735 1202 1799 Pindari
1232 1735 1341 1801 Isthm.

237 1833 276 1909 V,
298 1832 339 1895 59
361 1832 567 1899 adnotatione
589 1835 707 1911 elucet,
730 1855 827 1915 quum
850 1835 891 1898 ad
914 1841 1026 1918 poetae
1046 1836 1159 1900 verba:
1192 1833 1249 1900 τὸν
1269 1831 1341 1921 Ἀρ-

236 1931 331 2018 γείων
345 1931 478 2021 τρόπον,
503 1932 668 2023 εἰρήσεταί
690 1959 756 2000 που
778 1931 807 1997 κ’
823 1934 856 2000 έν
878 1933 1066 2021 βραχίστοις
1088 1938 1255 2023 adjecerit:
1277 1965 1342 2022 μα-

236 2033 386 2122 κράλογοι
415 2036 475 2118 μὲν
504 2028 561 2101 οὖν
579 2031 704 2118 Ἴωνες,
739 2035 895 2120 σύντομοι
925 2037 961 2103 δέ
991 2033 1029 2103 ού
1057 2035 1157 2121 μόνον
1182 2037 1343 2120 Λάκωνες

236 2133 321 2203 άλλά
343 2137 399 2204 καὶ
419 2136 565 2223 Ἀργεῖοι.
610 2140 732 2206 Deinde
761 2140 870 2205 eodem
899 2142 968 2205 loco
991 2142 1179 2225 Argivorum
1208 2144 1343 2209 brevilo-

235 2243 385 2325 quentiae
406 2249 518 2307 testem
541 2245 636 2306 etiam
659 2242 848 2324 Sophoclem
870 2242 977 2321 affert,
1002 2265 1097 2326 quum
1120 2252 1249 2328 pergat:
1278 2250 1341 2309 Σο-

235 2344 361 2430 φοκλῆς
380 2338 527 2410 Ὀδυσσεῖ
547 2342 746 2430 μαινομένῳ·

364 2441 461 2510 πάντ’
484 2439 597 2520 οἶσθα,
620 2442 717 2510 πάντ’
740 2444 832 2528 ἔλεξα
855 2441 1104 2530 τάντεταλμένα,

366 2553 475 2631 μῦθος
496 2546 555 2635 γάρ
570 2541 758 2634 Ἀργολιστί
780 2548 967 2632 συντέμνειν
989 2547 1116 2636 βραχύς.

287 2684 301 2700 -
327 2652 428 2728 Quam
463 2654 596 2734 antiqua
633 2657 741 2717 autem
769 2652 839 2717 laus
867 2653 952 2718 illins
980 2654 1101 2718 Dorum
1130 2646 1344 2739 βραχυλογίας

236 2753 343 2832 fuerit,
366 2777 404 2819 ex
427 2778 464 2820 ea
485 2779 519 2820 re
540 2755 676 2819 maxime
699 2761 841 2838 apparet,
866 2755 951 2837 quod
969 2757 1038 2839 jam
1054 2755 1210 2822 Homerus
1232 2781 1343 2824 secun-

237 2855 315 2919 dum
344 2858 476 2922 eandem
504 2865 683 2942 temporum
713 2857 928 2922 confusionem
958 2879 1027 2922 eam
1049 2859 1192 2924 Menelao
1219 2861 1344 2925 videtur

236 2957 400 3039 tribuisse,
423 2962 462 3026 de
484 2983 547 3042 quo
568 2961 645 3024 dicit
662 2960 704 3030 ΙΙ.
728 2965 765 3036 Γ,
790 2960 854 3022 213
876 2981 961 3042 sqq.:

367 3055 439 3149 ἤτοι
461 3060 521 3144 μέν
543 3061 716 3140 Μενέλαος
737 3058 954 3148 ἐπιτροχάδην
977 3057 1127 3149 άγάρευεν

368 3170 479 3250 παῦρα
499 3163 568 3246 μέν,
591 3159 675 3229 άλλὰ
696 3161 786 3248 μάλα
808 3162 930 3248 λιγέως,
957 3161 1032 3228 ἐπεὶ
1054 3159 1092 3229 ού
1114 3163 1311 3249 πολύμυθος

368 3260 438 3332 orid’
459 3261 727 3355 α’φαμαρτοεπής,
751 3260 772 3354 ἢ
792 3264 848 3330 καί
870 3265 954 3351 γένει
976 3263 1111 3353 ύστερος
1131 3260 1200 3357 ἦεν·

235 3369 353 3452 quibus
381 3372 485 3436 verbis
507 3377 634 3454 poetam
656 3371 698 3435 ad
720 3370 911 3455 Laconicam
932 3369 1215 3454 breviloquentiam
1237 3395 1343 3457 respe-

233 3473 321 3538 xisse
350 3473 445 3537 etiam
475 3473 572 3538 schol.
603 3474 681 3538 Ven.
704 3480 799 3555 atque
820 3471 967 3536 Eustath.
991 3472 1033 3537 ad
1054 3473 1086 3537 h.
1109 3474 1147 3552 l.‚
1181 3475 1279 3540 schol.
1301 3476 1343 3540 ad

232 3575 376 3658 Thucyd.
399 3575 452 3655 IV,
475 3575 541 3654 845
556 3575 683 3640 Taetzes
703 3574 838 3639 Chiliad.
861 3574 899 3653 V,
921 3574 983 3637 317
1006 3583 1197 3643 monuerunt
1209 3580 1247 3664 2).

322 3677 368 3741 Ut
392 3684 487 3760 poeta
512 3678 629 3743 talibus
651 3677 791 3742 moribus
815 3677 1042 3758 antiquissimis
1065 3679 1274 3763 Peloponnesi
1294 3683 1343 3746 in-

232 3780 314 3845 colis
343 3779 458 3844 affictis
487 3803 593 3844 rerum
624 3781 672 3843 sui
701 3780 799 3862 ipsius
824 3780 975 3860 temporis
999 3785 1117 3844 statum
1139 3789 1264 3847 secutus
1286 3791 1343 3864 est,

230 3885 280 3947 ita
305 3883 436 3946 eandem
458 3882 523 3947 fere
545 3883 706 3947 licentiam
729 3882 793 3945 alia
814 3882 848 3945 in
870 3902 914 3958 re,
937 3903 995 3946 nec
1019 3883 1163 3947 dissimili
1184 3885 1244 3949 sibi
1258 3909 1343 3950 sum·

232 3986 309 4068 psit,
332 4005 413 4066 quae
434 4007 498 4048 uon
520 3985 633 4062 minus,
656 4006 752 4066 quam
767 3983 824 4047 illa
839 3982 963 4047 videtur
978 3985 1121 4049 notanda
1136 4007 1211 4050 esse.
1255 3988 1342 4055 Haec

233 4139 441 4151 ...-.----

307 4233 327 4300 ¹)
361 4251 388 4285 v.
406 4233 466 4285 Ast.
484 4233 520 4285 ad
538 4234 556 4284 l.
574 4234 606 4301 l.;
641 4234 792 4300 Menrsius,
815 4235 930 4288 miscell.
948 4235 1049 4290 Lacon.
1068 4237 1116 4307 ΠΙ,
1136 4239 1160 4307 3,
1179 4241 1194 4289 4
1216 4237 1343 4307 (Gronov.

232 4321 306 4374 thes.
325 4324 381 4373 ant.
401 4320 495 4374 Graec.
518 4320 548 4374 T.
567 4321 599 4389 V,
617 4339 644 4390 p.
663 4324 733 4374 2419
752 4321 831 4390 sqq).

307 4407 329 4474 ²)
366 4407 400 4461 cf.
419 4407 448 4461 0.
471 4409 578 4477 Miiller,
597 4409 696 4462 Dorier
713 4408 747 4477 ΙΙ,
766 4425 792 4477 p.
812 4409 864 4460 383
884 4425 943 4478 sqq.

1047 4512 1079 4564 2*
