3334 5217
846 475 888 538 48

318 684 381 746 quo
402 684 467 728 uno
489 663 576 741 loce,
608 684 680 727 cum
708 662 851 728 versibus
873 663 928 744 qui
949 659 1141 728 antecedunt
1162 662 1349 746 conjuncto,
1381 657 1422 722 de

318 767 449 829 heroum
478 765 591 848 judicii
620 764 806 831 instituendi
838 766 961 831 ratione
991 765 1145 830 nonnulla
1177 764 1268 828 nobis
1299 761 1422 826 tradita

318 873 401 932 sunt.
452 867 560 948 Neque
585 888 659 931 vero
682 867 783 931 ullum
805 869 980 932 invenimus
1000 868 1166 951 vestigium
1188 868 1255 950 ejus
1278 865 1420 941 rationis,

318 989 399 1050 quae
429 969 656 1050 posterioribus
687 970 882 1052 temporibus
915 969 1000 1053 apud
1029 969 1235 1034 Athenienses
1267 967 1421 1050 imprimis

317 1071 436 1135 usitata
450 1071 526 1149 fuit3
548 1070 634 1153 apud
656 1092 735 1153 qnos
757 1092 822 1135 uon
845 1072 938 1136 modo
959 1073 992 1136 in
1011 1071 1150 1156 judiciis,
1173 1070 1228 1136 sed
1246 1069 1331 1134 haud
1345 1089 1420 1133 raro

317 1174 412 1237 etiam
440 1173 474 1236 in
503 1174 611 1255 populi
639 1173 838 1237 contionibus
862 1174 992 1238 calculis
1015 1178 1157 1261 (ψῆφος)
1180 1172 1352 1238 sententiae
1375 1171 1418 1234 fe·

316 1275 469 1339 rebantur
489 1276 523 1359 ¹).
573 1275 746 1358 Sophocles
774 1283 878 1340 autem
908 1297 945 1339 ea
974 1277 1008 1340 in
1037 1297 1071 1340 ra
1098 1282 1241 1359 tempora
1266 1272 1420 1350 confudit,

317 1377 403 1459 quod
424 1377 507 1441 hauc
525 1377 763 1442 Atheniensium
786 1378 1044 1443 consuetudinem
1063 1379 1132 1461 jam
1154 1378 1301 1442 heroicae
1323 1376 1422 1440 aetati

316 1478 437 1543 tribuit.
494 1478 585 1556 Quod
613 1479 766 1561 imprimis
794 1481 883 1545 locus
912 1481 966 1545 ille
996 1481 1103 1564 Ajacis
1132 1503 1160 1544 v.
1184 1479 1246 1542 441
1275 1484 1422 1555 testatur,

317 1581 372 1645 ubi
393 1581 522 1663 Ajacem
545 1581 584 1645 de
605 1583 724 1665 injusto
746 1583 930 1648 Atridarum
948 1583 1070 1665 judicio
1092 1583 1169 1648 facit
1191 1582 1362 1647 dicentem:

445 1677 495 1747 κεί
515 1679 560 1770 μή
582 1676 650 1747 τόδ’
672 1676 763 1765 ὄμμα
786 1681 842 1747 καὶ
866 1683 980 1771 φρένες
1001 1681 1197 1771 διάστροφοι

443 1780 570 1871 γνώμης
591 1777 721 1870 ἅπῇξαν
742 1790 800 1873 τῆς
823 1783 910 1874 ἐμῆς,
935 1779 993 1851 ov'n
1015 1780 1056 1850 dr
1078 1809 1162 1852 ποτε

446 1883 558 1974 δίκην
579 1880 649 1951 κατ’
671 1879 772 1952 dttov
794 1886 904 1976 φωτὸς
926 1879 983 1953 ὧδ’
1006 1885 1216 1977 ἕψήφισαν.

319 1990 421 2068 Quam
442 2012 511 2054 rem
532 1991 703 2073 respiciens
721 1992 790 2074 jam
812 1991 997 2056 Eustathius
1019 1990 1061 2056 ad
1081 1991 1118 2054 Il.
1142 1994 1180 2072 B,
1203 1991 1266 2055 852
1287 1991 1425 2057 adnota-

315 2092 377 2157 vit:
400 2086 556 2179 ψηφίζειν
570 2085 665 2156 οὔπω
685 2085 804 2179 ᾔδεσαν
826 2089 934 2181 ἥρωες,
958 2085 1042 2156 ἀλλὰ
1063 2089 1272 2181 μεταχρόνιον
1293 2089 1332 2158 τὸ
1356 2097 1424 2157 τῶν

316 2189 439 2280 ψήφων
468 2187 599 2280 sicque.
654 2196 699 2259 Ac
728 2202 893 2279 praeterea
923 2196 984 2261 huo
1013 2195 1150 2278 pertinet
1182 2217 1210 2258 v.
1236 2195 1334 2274 1135,
1366 2195 1425 2260 ubi

319 2293 438 2360 Teucer
458 2294 603 2360 Menelao
625 2297 750 2380 objicit:
1229 2357 1230 2362 ,

442 2394 586 2485 κλεπτής
607 2395 667 2482 γὰρ
689 2392 790 2463 αὐτοί
811 2395 1008 2486 ψήφοποιὸς
1030 2395 1184 2488 εὑρέθης,

316 2518 452 2579 quocum
474 2500 513 2564 cf.
535 2499 625 2564 Pind.
648 2501 737 2566 Nem.
760 2501 845 2580 VIII,
866 2501 923 2564 26:
948 2498 1131 2588 Κρυφίαισι
1153 2498 1212 2586 γὰρ
1235 2497 1268 2564 ἐν
1290 2494 1424 2585 ψάφοις

314 2595 460 2686 Ὀδυσσῆ
479 2599 607 2666 Δαναοὶ
629 2599 857 2689 θεράπευσαν,
888 2603 1003 2684 quibus
1024 2603 1102 2668 locis
1124 2609 1288 2686 practerea
1310 2601 1424 2684 injusti

313 2702 362 2766 illi
379 2703 502 2785 judices
525 2726 597 2768 cum
618 2706 901 2789 praestigatoribus
924 2712 1166 2788 comparantur,
1198 2705 1252 2786 qui
1280 2703 1422 2769 calculos

316 2825 439 2869 summa
470 2805 657 2871 dexteritate
691 2807 732 2872 ab
770 2807 833 2871 alio
870 2806 940 2871 loco
977 2808 1011 2871 in
1048 2808 1146 2871 elium
1183 2805 1422 2884 transferentes,

317 2907 528 2988 spectantium
551 2907 660 2972 oculos
681 2909 799 2973 fallunt
814 2911 853 2993 2).
905 2908 951 2972 Ac
973 2911 1115 2991 proxime
1136 2909 1178 2974 ad
1199 2909 1282 2972 banc
1303 2907 1424 2990 prima-

315 3010 396 3073 riam
424 3010 571 3074 vocabuli
600 3014 715 3097 ψῆφος
744 3009 1006 3094 significationem
1036 3012 1070 3075 in
1101 3011 1177 3076 Oed.
1206 3010 1277 3094 Tyr.
1306 3031 1334 3072 v.
1358 3007 1422 3071 607

316 3110 531 3176 accedendum
562 3119 625 3191 est,
655 3113 710 3177 ubi
738 3113 887 3195 legimus:
919 3110 964 3198 μὴ
993 3106 1027 3195 μ’
1048 3107 1142 3199 ἁπλῇ
1166 3108 1284 3199 κτάνῃς
1306 3107 1422 3197 ψήφῳ,

316 3219 413 3294 atque
433 3215 467 3277 in
488 3213 546 3278 illa
567 3214 717 3296 loquendi
739 3215 858 3294 forma,
882 3236 963 3296 quae
984 3215 1018 3279 in
1039 3214 1120 3279 Phil.
1143 3237 1172 3280 r.
1199 3213 1279 3277 1448
1302 3213 1425 3276 inveni-

315 3321 383 3379 tur:
405 3307 495 3405 xc'yui
515 3311 625 3404 γνώμῃ
646 3313 747 3404 ταύτῃ
768 3312 915 3398 τίθεμαι,
939 3317 993 3381 ubi
1009 3320 1125 3403 ψῆφον
1140 3316 1332 3400 cogitatione
1347 3336 1426 3404 sup3

315 3417 467 3500 plendum
489 3423 545 3497 est,
568 3423 604 3482 ut
624 3419 772 3501 proprius
795 3420 836 3482 sit
858 3439 983 3482 sensus:
1006 3419 1127 3500 etipse
1149 3418 1223 3482 huic
1246 3418 1425 3482 sententiae

316 3519 473 3584 calculum
494 3519 626 3604 adjicis,
653 3521 673 3583 i.
696 3542 722 3584 e.
752 3522 785 3585 in
807 3522 891 3585 hanc
914 3520 1104 3586 sententiam
1126 3521 1197 3584 dico
1213 3522 1253 3605 3).
1297 3518 1347 3583 Α1)
1369 3539 1425 3583 ea-

389 3729 409 3798 1)
444 3728 479 3782 cf.
498 3728 596 3782 Pollux
614 3729 686 3799 VIH,
709 3732 820 3786 16-18.
857 3732 939 3785 Petit.
958 3731 1029 3800 legg.
1048 3730 1158 3784 Atticae
1177 3749 1203 3798 p.
1219 3732 1288 3798 ¹419,
1317 3729 1365 3796 qui
1383 3731 1426 3780 at·

316 3817 382 3869 tulit
400 3817 489 3885 legem
507 3833 541 3868 ex
559 3817 656 3869 Aesch.
676 3834 699 3869 c.
717 3817 855 3872 Timarch.
874 3817 898 3888 ξ.
918 3817 964 3870 79:
997 3821 1052 3868 τῶν
1070 3813 1172 3886 ψήφων
1191 3813 1206 3882 ἡ
1225 3817 1425 3886 τετρυπημένη,

315 3898 370 3970 ὅτῳ
394 3902 471 3954 δοκεῖ
493 3900 624 3969 ἀδικῆσαι
641 3899 691 3954 τὸν
710 3902 788 3955 δεῖνα
811 3907 1031 3976 (πεπορνεῦσθαι
1052 3907 1204 3979 Τίμριρχον)
1223 3900 1239 3970 ἡ
1260 3903 1291 3956 δὲ
1309 3899 1425 3973 πλήρης,

318 3986 371 4056 ὅτῳ
388 3986 435 4059 μή.
479 3990 567 4043 Meier
594 3994 622 4044 et
646 3990 815 4060 Schemanm
847 3993 907 4046 Att.
933 3991 1012 4046 Proc.
1039 4011 1066 4060 p.
1086 3994 1137 4046 720
1154 4009 1213 4060 sqq.
1258 3991 1426 4057 Schbmann‚

318 4077 426 4131 Griech.
444 4078 563 4131 Alterth.
583 4078 603 4144 1,
622 4095 648 4146 p.
668 4079 727 4131 399.

388 4165 410 4227 ²)
446 4163 818 4233 ef.Dind0rf.adAj.1.l.

387 4251 412 4320 ³)
447 4251 482 4306 cf.
500 4252 595 4305 Herm.
612 4269 636 4304 a.
655 4251 683 4304 h.
702 4253 729 4321 1.‚
748 4253 796 4320 qui
814 4253 962 4306 lectionem
982 4253 1070 4316 illam,
1102 4253 1137 4305 ab
1157 4251 1217 4304 aliis
1236 4252 1316 4304 aliter
1334 4255 1426 4304 muta·

315 4343 380 4409 tam,
401 4357 570 4409 quamquam
588 4339 716 4392 omuibus
734 4340 877 4394 codicibus
898 4338 1043 4393 exhibetur
1061 4341 1090 4392 et
1107 4338 1270 4393 scholiastae
1288 4339 1426 4408 interpre-
