3334 5217
789 533 831 596 27

345 719 546 799 Quinetiam
568 740 634 783 non
662 718 865 784 infitiandum
886 725 948 798 est,
981 719 1109 784 illarum
1139 725 1377 784 commemora-¹

257 827 378 890 tionem
400 846 439 888 ex
453 821 619 905 Sophoclis
641 843 767 904 quoque
788 843 842 886 ore
866 821 1098 904 quodammodo
1120 823 1217 888 videri
1240 824 1364 901 miram,

258 931 370 1009 utpote
392 946 456 1006 qua
476 930 656 988 exterarum
677 946 783 988 rerum
798 924 937 1008 cognitio
959 945 1031 988 oum
1053 926 1264 990 ostentatione
1286 945 1364 1008 qua-

259 1029 335 1094 dam
356 1027 546 1110 proferatur.
607 1025 704 1110 Cujus
726 1026 772 1089 rei
803 1026 829 1089 si
859 1030 946 1090 certa
974 1047 1071 1090 causa
1099 1028 1281 1109 quaerenda
1307 1035 1364 1106 est,

258 1130 340 1196 nihil
362 1129 486 1194 videtur
508 1126 715 1211 probabilius,
737 1148 834 1209 quam
856 1127 942 1209 quod
960 1129 1030 1211 jem
1053 1129 1108 1192 alii
1130 1135 1309 1195 statuerunt
1327 1133 1364 1216 ¹),

258 1238 295 1297 ut
316 1233 387 1297 aliis
408 1230 496 1307 locis,
516 1230 563 1294 ita
584 1230 680 1294 etiam
701 1229 751 1293 his
772 1229 926 1294 Herodoti
947 1233 1176 1310 narrationum,
1198 1253 1279 1314 quae
1300 1232 1364 1296 illis

257 1333 452 1417 temporibus
474 1338 566 1397 erant
592 1333 773 1416 divulgatae
806 1332 1014 1416 omnibusque
1036 1333 1280 1399 Atheniensibus
1308 1356 1364 1399 eu-

258 1437 356 1502 otoris
376 1436 474 1519 ipsius
496 1434 762 1517 praelectionibus
784 1437 930 1517 cognitae
953 1434 1006 1512 (of.
1031 1435 1176 1500 Dindorf.
1198 1437 1252 1501 vit.
1268 1435 1363 1518 Soph.

257 1561 289 1622 p.
305 1537 361 1602 XL
376 1540 460 1623 sqq.)
488 1536 740 1602 recordationem
768 1543 882 1619 poetae
911 1537 1052 1601 animum
1075 1537 1215 1603 subiisse.
1260 1537 1301 1602 Et
1329 1559 1364 1602 re

197 1654 201 1660 ’
257 1662 334 1706 vera
355 1639 481 1722 quidem
503 1660 612 1703 earum
634 1660 749 1717 rerum,
766 1646 851 1720 'quas
873 1660 970 1722 supra
991 1640 1179 1719 notavimus,
1200 1640 1287 1705 haud
1309 1640 1364 1704 ob-

259 1764 353 1808 scura
380 1742 555 1806 invenimus
584 1740 669 1824 apud
698 1763 770 1806 eum
800 1742 942 1826 vestigia.
997 1742 1109 1826 Itaque
1137 1742 1364 1826 Aegyptiorum

256 1845 348 1910 illum
369 1865 488 1909 morem
510 1843 665 1908 similibus
687 1843 790 1909 verbis
812 1844 963 1909 describit
984 1845 1024 1924 11,
1048 1845 1106 1924 35,
1135 1845 1190 1910 ubi
1211 1844 1363 1928 legimus:

257 1943 293 2013 ἐν
312 1949 403 2010 τοῖσι
425 1946 507 2030 (scil.
535 1941 754 2030 Αἰγυπτίοις)
787 1940 821 2008 oi
845 1943 905 2026 μὲν
926 1949 1073 2029 γυναῖκες
1094 1939 1287 2032 ἀγοράζουσι
1307 1942 1364 2009 καὶ
1421 1995 1423 1998 .

258 2043 502 2135 καπηλεύουσι,
541 2042 575 2111 οἱ
608 2045 644 2112 δὲ
671 2039 785 2132 ἄνδρες
812 2041 884 2111 κατ’
913 2041 1023 2124 οἴκους
1052 2044 1159 2124 ἐόντες
1179 2040 1362 2133 ύφαίνουοι.

257 2151 362 2233 Atque
384 2151 489 2228 etiam,
511 2148 597 2232 quod
618 2170 716 2232 supra
738 2149 777 2215 de
793 2149 918 2234 Scythis
941 2151 1192 2226 memoravimus,
1215 2155 1363 2215 accurato

258 2253 388 2337 exponit
406 2251 460 2330 IV,
483 2252 541 2316 64:
562 2250 760 2337 Περιταμών
782 2251 866 2336 (scil.
888 2245 968 2338 ύνὴρ
989 2246 1135 2338 Σκύθης)
1157 2246 1264 2338 κύκλῳ
1285 2247 1363 2336 περὶ

257 2443 338 2513 οίμαι
354 2439 408 2514 γὰρ
425 2437 482 2494 οὔτ’
500 2435 655 2510 ἇνἼστρον
672 2458 697 2492 κ.
710 2458 733 2491 τ.
747 2442 770 2491 λ.
788 2457 949 2509 comparare
969 2458 1031 2495 oum
1048 2439 1104 2494 illis
1123 2440 1155 2512 ll.
1174 2445 1209 2508 Φ,
1231 2441 1280 2492 193
1293 2457 1360 2510 sqq,

257 2533 305 2601 qui
323 2530 425 2586 Achilli
442 2529 617 2583 tribuuntur:

528 2613 586 2667 ἄλλ’
605 2613 655 2669 οὐκ
674 2617 733 2669 ἔστι
752 2617 800 2667 Διὶ
818 2617 956 2686 Κρονίωνι
972 2610 1117 2686 μάχεσθαι

487 2707 526 2771 τῷ
544 2701 609 2758 οὐδὲ
627 2707 724 2775 κρείων
737 2699 878 2772 Ἀχελώϊος
896 2703 1050 2772 ἰσοφαρίζει

486 2789 553 2844 οὐδὲ
570 2795 752 2863 βαθυρρείταο
769 2793 844 2861 μέγα
862 2793 963 2848 σθένος
980 2788 1134 2842 Ὠκεανοῖο·

257 2887 341 2950 atque
358 2879 457 2932 afferre
475 2896 515 2939 ea,
540 2897 610 2948 quae
627 2880 791 2934 Eustathius
810 2880 846 2932 ad
864 2879 891 2932 h.
904 2879 923 2932 l.
942 2878 1061 2932 monuit:
1087 2879 1252 2945 Σημαίωσαι
1270 2876 1302 2930 δὲ
1320 2872 1364 2928 ὅτι

257 2967 314 3022 ἔδει
330 2967 383 3037 μὲν
401 2968 431 3019 ίν
448 2962 562 3033 τοιούτῳ
572 2963 650 3034 τόπῳ
662 2969 827 3037 συγκρίσεως
843 2962 892 3018 τὸν
911 2961 1028 3031 ποιητὴν
1038 2960 1077 3034 μὴ
1091 2961 1221 3033 Ἀχελῶον
1233 2968 1363 3034 μνησθῆ-

256 3073 311 3117 ναι,
328 3050 396 3107 ἀλλά
413 3071 487 3112 τινος
504 3053 597 3124 ἑτέρου
615 3058 669 3105 τῶν
686 3049 818 3124 μειζόνων
835 3048 853 3118 ἢ
870 3055 1016 3122 μεγίστων,
1045 3048 1141 3103 ὁποῖοι
1159 3053 1257 3104 πολλοὶ
1276 3070 1363 3103 ποτα-

256 3145 316 3214 μοί,
336 3137 457 3202 ὀἸνύός,
477 3137 617 3212 ὁἽστρος,
636 3139 770 3201 ὀΝεῑλος,
789 3136 822 3191 ὃν
841 3144 988 3210 Αἴγυπτον
1008 3136 1023 3190 ὁ
1041 3134 1156 3204 ποιητὴς
1174 3140 1203 3192 ἒν
1222 3137 1364 3206 Ὀδυσσείᾳ

257 3231 339 3283 καλεῖ.
360 3234 398 3298 (γ,
418 3230 483 3297 300;
503 3228 530 3290 d,
549 3230 616 3292 3⁵53
635 3229 656 3289 ξ,
676 3228 738 3295 257)
758 3225 827 3279 ἀλλ’
846 3224 971 3293 ἐπειδὴ
985 3223 1158 3296 Ἀχιλλεὺς
1176 3223 1251 3278 οὔτε
1267 3225 1364 3278 ded(-

257 3318 386 3369 δακται
402 3311 566 3373 τοιαύτας
589 3317 753 3385 ίστορίας
776 3310 853 3366 οὔτε
871 3318 1087 3384 πεπείραται
1111 3317 1286 3385 μεγίστων
1304 3333 1364 3365 πο-

257 3407 388 3474 ταμῶν,
407 3398 463 3454 διὰ
481 3406 583 3455 τοῦτο
600 3406 774 3472 μέμνηται
792 3406 851 3452 τοῦ
864 3398 1024 3472 Ἀχελώου
1044 3396 1231 3470 ἁπλούστερον
1243 3397 1275 3453 οὐ
1289 3396 1363 3452 πάνυ

257 3487 330 3544 πολὺ
347 3486 405 3542 cinti
423 3493 478 3542 τῶν
495 3493 543 3554 τῆς
554 3486 681 3548 Ἑλλάδος
698 3486 769 3561 ὅρων
788 3490 905 3562 ῥέοντος,
924 3491 971 3541 καὶ
989 3485 1036 3540 διὰ
1054 3493 1135 3541 τοῦτο
1154 3491 1192 3546 είς
1211 3485 1296 3555 ἀκοὴν
1314 3487 1364 3540 αὐ-

256 3583 295 3648 τῷ
312 3575 433 3645 ἥκοντος,
451 3581 516 3634 ἴσως
533 3575 565 3628 δὲ
582 3579 629 3627 καὶ
647 3572 740 3634 ἁπλῶς
752 3574 921 3648 παραπεσὼν
939 3581 977 3634 εἰς
992 3572 1113 3647 μνήμην,
1132 3571 1290 3644 ὁἈχελώος
1308 3576 1337 3634 ἐξ
1350 3606 1363 3616 -

257 3662 376 3736 φωυήθη
402 3661 437 3722 ὥς
461 3665 491 3717 ἐν
513 3663 674 3735 σχεδιασμῴ
697 3662 840 3722 οἷσέκπτως
863 3667 909 3716 καὶ
932 3664 1000 3734 δίχα
1023 3665 1136 3735 μελέτης
1154 3658 1190 3721 ὥς
1210 3681 1265 3714 που
1283 3659 1363 3714 καὶὸ

258 3749 334 3824 παρὰ
351 3753 492 3821 Σοφοκλεῖ
516 3750 651 3810 Οἰδίπους
662 3747 770 3823 Ἴστρου
793 3755 840 3802 καὶ
860 3749 985 3810 Φάσιδος
1007 3754 1145 3822 μέμνηται
1170 3751 1200 3803 ἐν
1223 3755 1280 3808 τοῖς
1297 3749 1363 3802 καθ’

256 3836 362 3894 ἑαυτόν.
399 3840 527 3906 Etenim,
558 3839 629 3892 sire
645 3855 710 3891 vera
728 3839 863 3893 Homerus
881 3841 916 3893 ob
937 3856 1047 3893 oausam
1065 3839 1142 3890 illam
1159 3837 1236 3904 prius
1254 3838 1289 3891 ab
1308 3837 1363 3890 Eu·

256 3927 361 3982 stathio
391 3927 504 3979 allatam
521 3926 674 3980 Acheloum
700 3931 843 3995 tamquam
869 3944 1051 3996 permagnum
1077 3925 1178 3978 flumen
1202 3925 1237 3978 ab
1255 3925 1364 3978 Achille

256 4018 501 4070 commemoratum
519 4013 600 4081 fecit,
631 4013 683 4067 hac
700 4031 734 4068 ex
751 4033 782 4068 re
799 4015 975 4084 perspicuum
990 4015 1049 4082 jam
1067 4015 1151 4081 esset,
1186 4012 1362 4066 minutiorem

256 4103 396 4171 quandam
415 4101 597 4155 subtilitatem
625 4119 688 4154 eum
706 4120 789 4170 quam
806 4102 971 4171 Sophoclem
987 4099 1145 4154 hominibus
1164 4101 1199 4153 ad
1217 4101 1362 4154 veritatem

257 4189 446 4244 describendis
464 4189 631 4258 adhibuisse,
662 4208 745 4259 quum
762 4191 847 4243 etiam
866 4207 960 4244 eorum
979 4188 1135 4242 doctrinam
1152 4188 1275 4256 ipsorum
1293 4192 1362 4241 tem·

256 4277 318 4347 pori
337 4276 580 4330 accommodasset.

263 4395 267 4401 <
329 4363 351 4430 ¹}
384 4363 589 4430 Schneidewin,
615 4364 742 4432 Sophool.
760 4364 880 4433 Allgem.
899 4363 1060 4432 Einleitung
1084 4381 1111 4435 p.
1126 4363 1213 4417 XXII.
1261 4363 1354 4417 Sohtll

257 4450 463 4521 Uebersetzung
480 4451 507 4506 d.
525 4450 665 4521 Antigone
682 4468 709 4520 p.
722 4453 755 4503 65
769 4467 827 4520 sqq.
