3334 5217
794 537 836 605 51

261 727 394 794 diversis
424 725 620 808 temporibus
653 724 790 792 malefici
821 746 931 793 eorum
961 733 1056 808 atque
1089 703 1373 809 legum'potestati

263 830 381 896 fuerint
403 828 545 912 subjecti.
591 827 790 910 Quamquam
805 850 822 892 e
837 827 992 910 Sophocle
1013 829 1082 911 ipso
1104 828 1186 894 nihil
1206 828 1293 893 aliud
1307 827 1370 893 huc

261 932 407 1016 pertinet,
429 952 467 996 ac
489 928 574 1012 quod
597 950 667 994 eam
687 930 858 1009 rationem,
881 951 945 1012 qua
966 930 1065 1014 ipsius
1087 935 1227 1011 tempore
1249 930 1292 1008 ei,
1315 929 1370 1012 qui

262 1034 420 1102 hominem
441 1038 619 1110 necaverat,
642 1033 744 1098 scelus
760 1038 829 1098 erat
850 1032 1050 1116 expiandum,
1073 1031 1107 1096 in
1129 1033 1260 1099 heroum
1282 1039 1369 1100 aeta-

259 1144 324 1205 tem
352 1134 525 1202 transtulit.
585 1133 627 1199 Et
653 1135 723 1218 jam
743 1157 840 1218 supra
871 1134 927 1216 (cf.
958 1137 986 1215 ἕ.
1018 1133 1083 1219 14.)
1118 1135 1214 1199 verbo
1246 1137 1369 1202 monui-

261 1260 348 1317 mus,
374 1237 509 1304 heroico
537 1257 615 1301 aevo
643 1237 804 1302 civitatem
830 1236 972 1304 nondum
1001 1257 1070 1301 eam
1100 1241 1289 1319 potestatem
1311 1238 1371 1304 sibi

263 1341 441 1424 sumpsisse,
462 1346 499 1404 nt
521 1339 670 1417 omnium,
700 1339 814 1422 quihus
836 1340 918 1405 cives
940 1339 1018 1406 laesi
1040 1345 1159 1418 essent,
1183 1339 1369 1405 delictorum

261 1444 433 1511 undictam
454 1444 635 1526 susciperet.
679 1441 791 1524 Itaque
819 1441 859 1507 de
888 1441 1057 1507 homicidio
1088 1461 1152 1506 non
1173 1442 1299 1523 publice
1317 1443 1370 1527 ju-

261 1545 446 1624 dicabatur,
481 1545 537 1611 sed
561 1545 711 1628 privatim
738 1566 810 1612 cum
830 1544 951 1610 familia
973 1549 1005 1609 et
1026 1545 1211 1627 propinquis
1233 1544 1370 1610 hominis

260 1648 419 1716 interiecti
441 1647 597 1732 agebatur
618 1647 658 1713 de
681 1647 915 1726 satisfactione3
952 1647 1007 1728 qui
1033 1653 1090 1712 aut
1114 1647 1216 1730 pretio
1238 1643 1370 1733 (ποινή)

261 1750 387 1834 culpam
408 1749 623 1830 redimebant,
654 1755 711 1814 aut
740 1751 774 1815 in
803 1748 933 1816 exilium
955 1749 1147 1816 homicidam
1169 1748 1257 1814 abire
1279 1769 1370 1834 coge-

261 1851 341 1920 bant
358 1855 395 1938 1).
765 1853 767 1856 ’

345 1955 539 2020 Rectissime
552 1955 648 2038 igitur
669 1953 868 2038 Thucydides
891 1953 1007 2032 111,45
1029 1955 1187 2020 monuisse
1209 1954 1369 2037 putandus

262 2064 325 2123 est:
358 2054 415 2121 καὶ
437 2051 538 2136 εἰκὸς,
570 2053 609 2121 τὸ
631 2053 738 2140 πάλαι
761 2059 826 2120 τῶν
847 2050 1009 2140 μεγίστων
1031 2049 1239 2142 ἀδικημάτων
1260 2056 1368 2136 μαλα-

261 2158 404 2246 κωτέρας
433 2162 569 2224 κεῖσθαι
598 2151 700 2236 αὐτάς
729 2159 811 2239 (scil.
841 2155 900 2236 τὰς
931 2153 1060 2244 ζημίας)
1077 2161 1116 2242 2).
1181 2157 1301 2236 Quibus
1330 2179 1370 2224 ex

263 2262 368 2331 verbis
390 2283 454 2326 non
478 2262 591 2339 minus,
614 2282 710 2344 quam
733 2283 772 2326 ex
794 2261 850 2326 illc
873 2282 993 2345 poenae
1014 2259 1202 2344 repetendae
1223 2281 1310 2326 more
1332 2261 1371 2325 li·
1418 2274 1425 2281 “

262 2370 312 2430 cet
333 2365 526 2448 perspicere,
559 2364 688 2429 minime
710 2362 773 2429 illis
795 2363 990 2447 temporibus
1012 2363 1149 2427 hominis
1172 2363 1300 2428 caedem
1322 2363 1371 2426 f-

262 2471 351 2533 cinus
372 2467 617 2531 tamnelarium
639 2487 706 2530 esse
728 2467 960 2544 existimatum,
992 2486 1087 2547 quam
1118 2470 1227 2548 postea
1255 2463 1370 2530 Graeci

260 2572 330 2654 ipsa
352 2570 421 2652 ejus
441 2568 651 2634 vindicandae
673 2569 797 2634 ratione
826 2589 898 2633 eam
928 2588 994 2632 sese
1017 2567 1134 2632 habere
1155 2569 1264 2633 testati
1285 2575 1368 2634 sunt.

260 2673 409 2738 Nondum
430 2671 514 2736 enim
535 2675 602 2734 tum
630 2691 669 2734 ea
698 2671 798 2736 valuit
820 2670 942 2752 opinio,
977 2690 1073 2751 quam
1095 2670 1268 2752 posteriore
1290 2677 1369 2734 tem-

260 2795 337 2858 pore
366 2775 400 2839 in
427 2772 622 2838 Graecorum
650 2773 812 2856 religionis
842 2773 956 2837 summi
982 2767 1134 2836 momenti
1160 2793 1228 2837 esse
1249 2773 1370 2837 inveni·

259 2898 341 2955 mus,
363 2897 434 2940 eum
456 2876 511 2957 qui
531 2875 597 2940 tale
620 2875 721 2941 scelus
741 2876 775 2940 in
797 2897 831 2939 se
853 2875 1042 2953 admisisset,
1064 2895 1130 2939 non
1149 2874 1244 2939 modo
1265 2875 1369 2957 ipsum

261 2979 486 3055 contaminari,
522 2977 577 3042 sed
606 2979 701 3045 etiam
733 2999 841 3042 omnes
870 2997 941 3056 eos,
978 2997 1112 3058 quorum
1142 2977 1368 3042 consuetudine

259 3086 410 3147 uteretur.
460 3081 547 3158 Quae
569 3080 596 3146 si
614 3082 683 3165 jam
704 3088 772 3145 tum
793 3080 959 3163 viguisset,
988 3078 1066 3144 mihi
1088 3078 1213 3161 quidem
1236 3101 1301 3143 non
1323 3079 1368 3143 vi-

260 3183 353 3250 detur
374 3183 504 3250 dubium
525 3183 576 3262 id,
606 3184 692 3266 quod
721 3182 808 3248 hand
830 3183 898 3248 leve
919 3188 1141 3266 argumentum
1164 3202 1230 3246 esse
1249 3180 1367 3265 judice,

260 3287 336 3370 quia
363 3285 472 3349 civim
500 3287 537 3349 ob
565 3309 633 3350 eam
663 3287 765 3369 speum
793 3307 876 3359 rem,
908 3285 983 3370 qaia
1012 3283 1158 3348 aniverso
1180 3284 1233 3346 illo
1258 3283 1369 3347 scelere

260 3397 337 3452 esset
352 3389 494 3471 pollata,
521 3411 645 3472 poenae
673 3413 693 3453 a
724 3388 876 3472 maleficis
902 3389 1087 3470 repetendae
1105 3395 1288 3470 potestatem
1308 3385 1370 3449 'sihi

260 3490 324 3573 apsi
343 3490 545 3553 vindicaverit
561 3494 600 3572 3).
654 3490 744 3568 Quod
767 3511 832 3554 non
854 3491 949 3557 modo
970 3511 1035 3554 non
1057 3490 1177 3554 factum
1200 3510 1267 3554 esse
1289 3489 1369 3552 vidi-

290 3797 295 3806 ,
334 3734 353 3803 ¹)
388 3734 424 3788 cf.
442 3734 475 3787 ll.
492 3738 515 3796 I,
534 3736 585 3787 632
606 3753 664 3803 sqq.
695 3734 731 3796 o,
750 3735 802 3786 180
821 3750 880 3802 sqq.
917 3731 967 3786 Od.
986 3740 1017 3800 ψ,
1040 3733 1089 3784 118
1108 3750 1166 3801 sqq.
1199 3749 1222 3786 e.
1240 3731 1367 3785 Eustath.

259 3811 353 3878 adnot.
366 3823 402 3878 ad
413 3840 439 3876 v.
455 3823 516 3874 120:
536 3817 567 3873 τὸ
586 3821 618 3875 δὲ
637 3817 793 3891 φεύγεσθαν
809 3816 858 3879 τὰς
876 3818 1012 3891 πατρίδας
1029 3815 1085 3871 ὑπὸ
1103 3825 1157 3872 τῶν
1176 3815 1368 3890 φονευσάντων

260 3911 459 3979 aromatum,
478 3912 503 3960 sl
519 3905 558 3974 μή
577 3928 604 3961 τι
622 3904 676 3980 ἄρα
694 3905 796 3974 ποινὴν
814 3912 885 3961 τίσει
903 3905 918 3959 o‘
937 3903 1037 3978 φονεὺς
1049 3903 1098 3973 τὴν
1111 3903 1286 3966 ξυνὸόξασαν·
1306 3903 1367 3958 τότε

260 3995 315 4070 γὰρ
333 3997 411 4051 ἐᾶται
427 3999 521 4068 μένειν
538 3996 569 4049 ἐν
587 3992 675 4068 δήμῳ.
712 3998 845 4065 Terpstra
863 3997 950 4064 antiq.
969 3995 1041 4049 hom.
1059 4015 1086 4065 p.
1100 3998 1134 4048 88
1152 4013 1210 4064 sqq.
1245 3995 1367 4062 Platner‚

259 4087 386 4140 notiones
408 4083 479 4154 juris
505 4088 534 4136 et
554 4084 680 4153 justitiae
698 4102 733 4137 ox
750 4084 864 4138 Homeri
884 4087 911 4137 et
928 4083 1042 4136 Hesiodi
1063 4083 1230 4137 carminibus
1248 4083 1366 4151 explica·

259 4178 304 4228 too
321 4193 349 4243 p.
370 4174 420 4225 118
439 4190 497 4240 sqq.

331 4261 354 4330 2)
389 4259 423 4314 cf.
443 4259 510 4314 Eur.
528 4259 617 4313 Oreet.
632 4277 658 4312 v.
677 4260 728 4311 512
747 4275 807 4327 sqq.
870 4273 871 4278 ¹

329 4347 352 4417 3)
387 4348 447 4402 Hoc
469 4347 623 4417 posteriore
640 4350 765 4415 tempore
785 4344 883 4412 fiebat,
909 4360 1074 4414 quamquam
1093 4345 1177 4398 etiam
1195 4348 1262 4398 tune
1279 4343 1366 4396 homi-

260 4435 339 4490 cidae
354 4435 504 4504 persecutio
528 4440 560 4489 ut
577 4452 687 4489 sacrum
704 4433 827 4488 officium
846 4433 971 4502 cognatis
988 4431 1106 4486 hominis
1125 4431 1208 4486 occisi
1227 4434 1287 4486 erat
1304 4449 1366 4500 pro·
