3334 5217
861 537 881 601 8

319 729 374 793 ille
395 733 490 812 poeta
516 733 640 792 secutus
662 733 726 803 est,
760 747 857 808 quum
879 724 991 790 Trach.
1020 746 1048 787 v.
1074 725 1135 786 100
1164 723 1296 788 chorum
1325 721 1424 786 faciat

320 831 489 904 dicentem:

341 925 362 1018 ἢ
384 925 523 1006 ποντίας
544 923 699 1006 αὐλῶνας,
729 921 751 1014 ἢ
773 928 983 997 decorticat!
1004 922 1190 1011 ἀπείροις
1211 920 1340 1002 κλιθείς
1363 962 1404 971 —

319 1034 361 1097 Et
383 1031 511 1096 nomina
544 1051 670 1111 quoque
700 1031 829 1110 illarum
858 1030 996 1113 partium
1027 1029 1189 1094 nonnullis
1219 1029 1296 1092 locis
1324 1027 1364 1091 ab
1386 1047 1424 1090 eo

320 1138 536 1200 memorantur
558 1132 597 1196 cf.
621 1131 742 1215 Captiv.
764 1131 869 1214 Frgm.
892 1131 950 1195 36:

522 1229 578 1296 καὶ
599 1229 760 1319 νησιώτας
781 1229 838 1296 καὶ
858 1237 985 1319 μακρᾶς
1006 1225 1218 1318 Εὐρωπίας

323 1339 359 1404 0.
382 1339 415 1403 C.
439 1337 516 1402 695:
574 1383 577 1388 -

438 1433 528 1503 ἔστιν
550 1430 583 1500 d'
605 1426 675 1501 οἷον
697 1432 759 1520 ἐγὼ
781 1440 827 1520 γᾶ
834 1460 852 1513 ς
873 1441 914 1499 A
920 1431 959 1502 σι’
966 1459 1010 1512 ας
1033 1429 1091 1499 οὐκ
1113 1431 1266 1499 incaedua
1288 1473 1329 1482 -
1351 1437 1352 1440 ’

320 1541 399 1625 Mys.
422 1541 527 1623 Frgm.
550 1538 633 1602 3742

512 1633 556 1703 ·'A
562 1635 630 1704 σία
651 1638 711 1722 μὲν
732 1634 751 1726 ἡ
776 1635 936 1720 σύμπασα
957 1635 1115 1726 κλῄζεται,
1140 1636 1218 1720 ξένε.

405 1771 451 1837 Ut
472 1772 532 1836 hac
553 1783 661 1834 rerum
682 1770 967 1853 geographioarum
996 1770 1183 1853 cognitione
1197 1768 1347 1834 heroibus
1368 1769 1425 1832 tri-

320 1875 399 1939 buta
420 1873 591 1956 Sophocles
614 1871 759 1936 dissentit
781 1872 822 1936 ab
845 1872 999 1950 Homero,
1031 1873 1077 1936 ita
1107 1871 1194 1936 haud
1223 1871 1316 1935 aliter
1340 1870 1427 1955 judi·

321 1975 456 2040 candum
472 1996 539 2039 esse
554 1974 678 2037 videtur
693 1973 732 2037 de
753 1975 835 2038 mira
857 1972 996 2055 quadam
1019 1973 1165 2058 opinione
1187 1973 1273 2056 apud
1289 1973 1426 2038 Graecos

322 2077 500 2160 divulgata3
524 2077 579 2158 qui
592 2076 743 2158 Delphm,
764 2076 814 2140 vel
835 2076 940 2159 potius
963 2076 1088 2158 glebam
1109 2075 1198 2139 illam
1218 2096 1426 2140 marmoream

321 2180 355 2243 in
388 2179 508 2263 templo
536 2178 693 2261 Apollinis
726 2179 863 2260 positam
894 2177 1081 2241 umbilicum
1110 2171 1292 2263 (ὀμφαλός)
1324 2183 1428 2242 terrae

321 2303 388 2346 esse
417 2278 575 2363 putabant
593 2281 629 2364 ¹).
679 2278 722 2341 Et
750 2278 873 2343 duobus
897 2276 1028 2359 'quidem
1055 2279 1133 2342 locis
1160 2279 1332 2361 Sophocles
1359 2279 1427 2362 ejus

320 2381 398 2447 facit
419 2383 620 2458 mentionem,
643 2400 778 2462 quorum
800 2384 848 2443 est
870 2380 952 2443 alter
974 2379 1009 2444 Ο.
1034 2377 1071 2444 R.
1093 2379 1174 2444 480:

463 2509 505 2573 τὰ
525 2505 764 2596 μεσόμφαλα
786 2513 855 2593 γᾶς
877 2501 1111 2596 ἀπονοσφίζων
1131 2511 1281 2592 μαντεῖα,

323 2638 405 2702 alter
426 2661 454 2702 v.
478 2637 556 2702 898:

385 2759 443 2829 οὐκ
464 2761 514 2831 ἔτι
535 2762 592 2829 τὸν
614 2758 754 2830 ἄθικτον
775 2757 844 2846 εἶμι
865 2768 933 2848 γᾶς
956 2757 1017 2829 ἐπ’
1040 2759 1220 2851 ὀμφαλὸν
1243 2762 1357 2848 σέβων.
1440 2835 1444 2840 ,

403 2894 507 2970 Quum
536 2900 642 2958 autem
671 2895 766 2978 hujus
796 2893 971 2958 sententiae
1002 2890 1215 2974 fabulaeque,
1257 2914 1321 2974 qua
1354 2893 1428 2956 niti·
1459 2871 1461 2874 Ι

321 3003 374 3061 tur
390 2995 437 3079 2),
476 2995 562 3080 apud
587 2996 758 3061 Pindarum
789 2996 915 3060 demum
944 2995 1082 3078 primum
1110 2995 1304 3059 inveniamus
1334 2995 1428 3059 vesti·

321 3099 408 3179 gium
423 3099 478 3181 ³),
514 3099 582 3182 ejus
612 3099 764 3181 originem
785 3099 993 3163 recentiorem
1015 3120 1082 3163 esse
1111 3117 1231 3162 summo
1250 3097 1323 3180 jure
1345 3097 1429 3160 acci-

322 3218 397 3280 pere
418 3199 501 3264 licet.
568 3279 572 3292 .

833 3525 862 3604 s·
886 3524 924 3613 ν»

418 3709 484 3774 Nec
513 3709 616 3772 minus
645 3730 741 3790 quam
769 3709 917 3791 Europae
945 3715 1040 3790 atque
1069 3709 1161 3772 Asiae
1195 3708 1428 3773 distinctionem

322 3812 519 3896 singularum
550 3811 645 3874 ctiam
673 3815 832 3875 terrarum
863 3810 1066 3894 gentiumque
1096 3809 1292 3892 aSophocle
1314 3810 1429 3875 allata·

397 4053 419 4114 Ι)
455 4051 718 4118 cf.Strab.p.419.
762 4051 842 4104 Paua
862 4049 895 4117 X,
919 4051 958 4118 16,
972 4049 996 4101 3.
1041 4047 1166 4115 Bursian,
1185 4046 1357 4117 Geographie
1374 4066 1429 4104 von

324 4138 527 4195 Griechenland·
542 4155 569 4206 p.
586 4137 644 4189 176.

394 4226 418 4296 2)
453 4227 532 4280 Duae
557 4224 680 4292 aquilae,
711 4241 728 4276 a
744 4223 813 4278 Jove
839 4225 874 4277 ab
905 4223 1011 4277 oriente
1034 4226 1062 4276 et
1088 4222 1230 4276 occidente
1253 4222 1354 4275 missae
1379 4223 1428 4277 illo

324 4317 384 4370 loco
397 4313 557 4400 convenisse
568 4311 741 4365 dicebantur.
766 4311 802 4365 cf.
819 4311 899 4365 Pind.
917 4312 997 4381 Pyth.
1015 4312 1061 4379 IV,
1081 4313 1106 4363 6.
1123 4327 1147 4363 c.
1166 4310 1251 4364 schol.
1269 4310 1361 4363 Strab.
1379 4311 1397 4364 l.
1409 4311 1428 4365 l.

395 4403 418 4465 3)
453 4401 489 4455 cf.
506 4399 584 4454 Pind.
603 4398 748 4468 Pyrum,
769 4397 812 4452 74.
841 4399 886 4468 VI,
906 4400 931 4452 3.
960 4398 1033 4467 VIII,
1055 4399 1089 4449 59
1109 4399 1162 4450 etc.
