3334 5217
765 535 807 599 35

228 718 371 814 modeste
403 723 593 787 sententiam
625 745 715 788 suam
744 724 887 805 proferre
915 713 1011 788 ausus
1034 724 1090 800 sit,
1127 723 1339 790 acerbissimis

106 899 107 904 ρ
230 820 376 888 Creontis
412 825 563 888 conviciis*
591 825 776 909 increpitari
805 845 839 906 se
868 825 1010 907 patiatur
1044 825 1098 909 (cf.
1128 847 1156 890 v.
1180 826 1242 890 278
1259 845 1339 907 sqq,

229 922 386 1010 280sqq.)
409 931 440 990 et
455 927 584 991 omnino
599 928 667 1010 ejus
681 923 842 991 voluntati
854 948 975 991 morem
988 933 1095 1010 gerat;
1118 929 1157 992 cf.
1180 929 1241 992 211
1255 948 1340 1011 sqq:

382 1025 436 1091 oui
457 1022 547 1091 ταῦτ’
568 1022 697 1114 όρέσκει
720 1030 785 1090 cat
805 1023 997 1105 Μενοίκεως
1019 1027 1126 1113 Κρέον

381 1126 438 1193 τόν
460 1130 538 1215 τῇδε
560 1127 695 1194 δύσνουν
717 1127 772 1193 καὶ
794 1128 852 1194 τὸν
873 1122 988 1217 εὐμενῆ
1011 1127 1126 1196 πόλει·

381 1228 470 1317 νόμῳ
493 1231 530 1296 δὲ
550 1237 696 1320 χρῆσθαι
719 1227 822 1296 παντί
845 1255 912 1296 που
934 1229 1077 1318 πάρεστι’
1100 1254 1153 1297 σοι

381 1331 525 1398 καὶτῶν
548 1331 719 1399 θανόντων
739 1327 767 1414 χ’
789 1329 920 1399 ιόιτόσοι
943 1333 1046 1416 ζιῖμεν
1069 1335 1155 1421 πέρι.

229 1455 258 1497 v.
282 1433 345 1498 854
356 1457 424 1519 sqq.
447 1437 511 1500 873
526 1457 594 1519 sqq.
632 1437 708 1502 Oed.
731 1437 802 1520 Tyr.
824 1437 897 1522 530.

220 1580 225 1587 -
316 1536 410 1603 Omni
424 1546 529 1604 antem
543 1541 609 1603 vita
625 1539 766 1622 pericula
787 1539 848 1604 sibi
861 1540 1034 1618 imminere,
1058 1560 1129 1603 cum
1148 1539 1235 1604 haud
1251 1541 1341 1622 igno·

230 1646 340 1705 rarent
360 1644 498 1724 tyranni,
528 1640 609 1705 nihil
629 1663 695 1705 non
717 1650 897 1725 suspectum
920 1663 973 1706 eos
995 1641 1155 1721 habuisse,
1178 1641 1271 1707 facile
1294 1649 1342 1709 est

229 1742 402 1807 intellectu.
446 1743 529 1809 Satis
551 1745 594 1808 sit
614 1745 648 1807 in
669 1745 853 1809 memoriam
876 1764 1057 1822 revocasse,
1092 1764 1173 1825 quae
1204 1743 1242 1808 de
1263 1743 1340 1808 Dio-

228 1845 330 1926 nysio,
352 1844 579 1928 Syracusarum
601 1853 748 1930 tyranno,
772 1845 881 1912 Cicero
903 1845 992 1911 Tusc.
1016 1847 1132 1929 disput.
1148 1845 1187 1922 V,
1202 1845 1244 1908 20
1260 1866 1339 1930 sqq,

229 1945 420 2012 Plutarchus
442 1947 535 2012 Dion.
559 1947 592 2012 C.
614 1947 696 2012 XIX.
725 1949 875 2014 referunt.
931 1947 1048 2012 Mirum
1077 1955 1183 2012 autem
1212 1947 1245 2010 in
1273 1968 1341 2010 mo-

230 2047 308 2111 dum
330 2055 425 2130 poeta
446 2051 480 2113 in
500 2049 557 2113 illo
579 2051 708 2133 tyranni
730 2051 912 2134 exemplari,
940 2049 1026 2131 quod
1047 2051 1080 2112 in
1104 2048 1248 2113 Creontis
1270 2070 1341 2132 per-

231 2169 311 2214 sona
332 2151 453 2216 civibus
475 2153 540 2216 suis
561 2151 695 2230 effinxit,
725 2152 819 2217 etiam
842 2153 903 2217 hoc
925 2152 1035 2219 vitium
1058 2151 1225 2238 expressit,
1256 2150 1341 2233 qnod

231 2272 355 2334 semper
389 2253 596 2318 dominatoris
627 2255 739 2337 injusti
768 2261 864 2336 atque
893 2254 1052 2337 imperiosi
1079 2253 1140 2318 fuit
1167 2253 1340 2335 proprium.

231 2353 358 2418 Etenim
387 2357 414 2419 is
442 2355 571 2420 vixdum
600 2357 761 2420 acerrimis
792 2357 886 2420 minis
908 2353 1067 2439 Polynicis
1089 2355 1215 2436 corpori
1237 2355 1342 2438 sepul-

230 2463 322 2522 turae
344 2457 497 2548 honorem
519 2458 616 2523 tribui
637 2460 752 2535 vetuit,
775 2481 873 2541 quum
892 2459 961 2542 jam
983 2458 1187 2541 pertimescit,
1208 2477 1248 2520 ne
1270 2457 1341 2538 quis

231 2557 315 2622 forte
336 2560 529 2641 perducatur
551 2561 705 2644 pecunia,
739 2567 775 2625 ut
802 2561 865 2643 ipsi
891 2560 926 2622 in
946 2559 1003 2623 illa
1023 2580 1058 2623 re
1080 2558 1264 2623 adversetur
1286 2557 1340 2641 (cf.

230 2681 260 2724 v.
282 2659 462 2746 221sqq.);
499 2663 631 2726 ethaeo
654 2663 791 2745 suspicio
813 2663 843 2726 ei
865 2659 1088 2738 confirmatur,
1121 2660 1177 2726 ubi
1204 2683 1238 2726 re
1266 2681 1342 2724 vera

231 2761 370 2826 edictum
392 2785 483 2828 snum
504 2765 659 2828 violatum
688 2765 863 2848 comperit:
902 2764 983 2828 cives
1014 2767 1126 2827 contra
1154 2783 1187 2826 se
1217 2765 1342 2844 conspi-

229 2883 318 2929 rasse
341 2867 498 2948 opinatur,
520 2872 617 2949 atque
639 2867 784 2931 mercede
806 2866 1010 2944 conduxisse,
1040 2866 1094 2950 qui
1117 2865 1239 2929 facinus
1260 2863 1341 2928 illud

229 2971 417 3050 patrarent3
439 2967 478 3033 ci.
500 2990 529 3032 v.
553 2967 615 3030 289
632 2988 717 3050 sqq:

510 3064 594 3134 ἀλλὰ
616 3075 719 3134 ταῦτα
739 3066 795 3134 καὶ
818 3064 925 3132 πάλαι
948 3065 1078 3145 πόλεως

433 3163 546 3257 όνόρες
567 3167 663 3254 μόλις
684 3170 838 3260 φέροντες
860 3166 1017 3255 ἐρρόθουν
1040 3166 1122 3251 ἐμοὶ,

431 3279 536 3361 κρυφῇ
557 3271 640 3358 κόρα
663 3270 815 3352 σείοντες,
840 3265 909 3336 οόό1
930 3265 998 3335 ὑπὸ
1021 3270 1105 3358 ζυγξ

433 3372 536 3460 λόφον
559 3371 693 3452 δικαίως
714 3367 809 3456 εἶχον,
833 3369 878 3451 ὡς
900 3372 1043 3459 στέργειν
1065 3371 1136 3458 ἐμέ·

431 3473 466 3539 ἐκ
488 3477 589 3542 τῶνδε
610 3473 746 3554 τούτους
769 3472 986 3557 ἐξεπίσταμαι
1007 3476 1115 3554 καλῶς

433 3577 658 3665 παρηγμένους
678 3582 856 3659 μισθοῖσιν
878 3572 1054 3662 εἰργάσθαι
1076 3574 1163 3644 τάδε.

317 3680 421 3762 Atque
452 3686 483 3745 et
515 3683 619 3764 ipsum
647 3680 822 3758 Tiresiam,
859 3687 963 3744 vatem
995 3680 1086 3744 illum
1117 3681 1337 3761 venerabilem,

231 3765 330 3864 quum
352 3782 485 3846 adversa
516 3783 647 3848 deorum
674 3782 816 3864 auspicia
843 3781 1045 3861 indicaverit,
1074 3784 1208 3865 pecunia
1230 3803 1338 3848 corru-

231 3890 322 3966 ptum
337 3890 437 3966 putat,
460 3890 497 3948 ut
519 3891 588 3949 arte
610 3906 668 3949 sua
690 3884 840 3948 adversus
854 3884 958 3966 ipsum
971 3889 1113 3948 uteretur
1127 3884 1182 3967 (cf.
1198 3907 1226 3948 v.
1245 3885 1335 3950 1034.

233 3983 325 4047 1045.
351 3985 442 4048 1055.
468 3985 560 4049 1059.
586 3988 702 4067 1061.).

315 4085 385 4151 Ησο
410 4109 483 4150 vero
510 4089 617 4152 animo
645 4089 800 4171 suspicaci
827 4086 915 4151 hand
943 4087 1104 4152 dissimilis
1133 4093 1180 4152 est
1209 4087 1337 4153 Creonti

231 4187 371 4271 Oedipus
391 4209 465 4266 rex,
502 4191 553 4253 cui
574 4196 606 4254 et
625 4190 701 4272 ipsi,
735 4189 809 4252 dum
835 4189 1002 4273 imperium
1031 4188 1168 4268 obtinet,
1200 4197 1336 4273 apoeta

228 4291 413 4373 tyrannicos
435 4311 538 4356 mores
560 4313 627 4356 csse
645 4292 792 4370 tributos,
818 4293 888 4375 jam
909 4312 1006 4374 supra
1029 4290 1125 4357 verbo
1147 4294 1334 4358 monuimus.

230 4391 262 4456 Is
292 4393 375 4470 enim
405 4414 477 4457 cum
507 4393 641 4459 Creonte
663 4393 798 4458 eundem
826 4400 931 4459 vatem
960 4391 1104 4460 mercede
1134 4394 1335 4492 conductum,

1074 4515 1106 4568 3*
