3334 5217
839 514 881 578 26

309 695 387 779 byos
408 697 481 761 illos
502 697 563 761 hoc
584 698 671 775 1000,
700 699 786 780 quod
813 700 900 783 apud
929 721 982 765 eos
1010 722 1162 782 equorum
1193 702 1318 767 cultura
1340 702 1412 770 dili·

308 798 487 879 gentissime
508 799 713 865 exercebatur
731 806 765 879 Ι).

394 899 456 964 Sed
478 902 574 965 etiam
595 902 660 965 alia
675 902 856 987 hujusmodi
877 905 969 970 nobis
991 927 1058 972 sese
1073 906 1216 971 offerunt.
1260 907 1343 984 Quid
1365 907 1414 970 di-

310 1024 428 1080 camus,
450 1003 536 1085 qnod
556 1002 632 1068 Oed.
648 1003 714 1068 001.
737 1027 765 1068 v.
782 1006 844 1068 337
869 1007 1006 1090 Oedipus
1021 1015 1171 1074 accurata
1185 1009 1412 1092 Aegyptiorum

310 1123 432 1170 morum
455 1106 633 1188 cognitione
656 1112 704 1170 est
724 1106 920 1173 instructus?
964 1110 1027 1175 Ubi
1049 1111 1198 1194 legimus:

455 1196 496 1271 Ὠ
516 1201 614 1271 πάντ)
635 1203 747 1272 ἐκείνω
767 1212 840 1286 τοῖς
862 1208 897 1274 ἐν
918 1207 1086 1298 Αἰγύπτῳ
1107 1207 1219 1294 νόμοις

463 1305 563 1395 φύσιν
583 1309 839 1392 κατερκασδέντε
860 1309 915 1375 καὶ
937 1309 1011 1397 βίον
1032 1310 1165 1400 τροφάς.

462 1408 529 1475 ἐκεῖ
549 1409 609 1499 γὰρ
631 1408 661 1478 οἳ
685 1411 746 1495 μὲν
767 1406 898 1500 δρσενες
918 1413 1001 1480 κατὰ
1024 1418 1141 1502 στέγας

459 1515 621 1580 δακοῦσιν
644 1511 895 1604 ἳστοοργοῢατες,
920 1513 953 1582 αἱ
977 1518 1013 1584 δὲ
1035 1515 1187 1601 σύννομοι

459 1607 546 1697 τᾶξω
566 1613 642 1699 βίου
663 1623 800 1706 τροφεῖα
822 1615 1018 1706 πορσύνονσῗ
1039 1615 1100 1686 del.

310 1713 369 1778 Vel
389 1717 474 1797 quod
496 1718 625 1784 Oenom.
647 1721 738 1805 frgm.
761 1722 842 1787 429:

509 1820 671 1886 Σκυθιστὶ
690 1819 922 1908 χειρόμακτρον
946 1822 1175 1912 ἐκκεκαρμένος

309 1920 498 2004 Scytharum
528 1924 686 2006 quendam
713 1947 834 1991 morem
862 1927 1036 1992 invenimus
1065 1934 1299 1994 memoratum?
1353 1932 1416 1996 Vel

309 2023 395 2102 quod
417 2024 492 2089 Oed.
515 2025 587 2110 Tyr.
613 2027 693 2090 1227
716 2031 846 2093 nuntius
869 2028 1042 2094 exclamat:

512 2121 614 2211 Οἶμαι
636 2126 695 2215 γὰρ
717 2123 785 2194 ob'a'
806 2122 986 2213 div'lorpov
1008 2123 1082 2195 oilae
1106 2136 1212 2196 Φᾶσιν
1234 2125 1273 2195 δν

509 2233 609 2316 νῖψαι
629 2236 791 2319 καθαρμῷ
810 2227 905 2320 τήνδε
925 2229 983 2320 τὴν
1005 2230 1119 2320 στέγην
1141 2272 1180 2283 -

310 2332 393 2408 Quid
408 2332 566 2416 denique?
588 2333 673 2415 quod
687 2335 721 2398 in
744 2336 848 2417 Antig.
864 2358 891 2399 v.
908 2335 989 2399 1037
1002 2356 1070 2418 sqq.
1104 2335 1206 2401 Creon
1222 2359 1293 2402 cum
1309 2336 1415 2403 dicat:

509 2430 692 2521 κερδαίνετ’,
717 2433 885 2517 ἐμπολᾶτε
905 2431 994 2500 τδπὸ
1018 2433 1166 2524 Σάρδεων
1211 2496 1223 2520 ‚
1401 2424 1406 2440 .

509 2529 671 2625 ἤλεκτρον,
695 2531 724 2602 εἰ
745 2534 909 2622 βούλεσθε
931 2535 987 2602 καὶ
1008 2535 1066 2603 τὸν
1085 2533 1218 2605 Ἰνδικὸν

507 2637 625 2727 χρυσὸν
646 2678 687 2690 -

307 2742 378 2804 anri
410 2741 557 2806 Sardiani
585 2749 681 2824 atque
709 2743 810 2807 Indici
844 2742 921 2808 facit
947 2745 1162 2809 mentionem?
1218 2745 1300 2809 Num
1330 2747 1415 2812 forte

308 2864 414 2907 rerum
436 2844 673 2927 peregrinarum
689 2844 901 2928 cognitionem
916 2850 1051 2924 tantam,
1074 2852 1194 2929 quanta
1214 2847 1277 2911 illis
1299 2855 1416 2930 poetae

214 3007 218 3016 ,
307 2943 412 3009 verbis
434 2968 500 3011 sese
522 2944 623 3025 offert,
645 2947 730 3031 apud
746 2947 884 3012 Graecos
906 2948 1051 3014 heroicae
1066 2949 1180 3013 aetatis
1196 2949 1338 3014 homines
1353 2972 1415 3033 pu·

307 3052 409 3112 temus
432 3049 611 3114 exstitisse?
640 3050 679 3114 cf.
702 3049 812 3114 Schdll
833 3051 875 3115 ad
897 3051 972 3115 Oed.
996 3049 1062 3115 Col.
1084 3072 1163 3114 vere.
1185 3073 1214 3116 v.
1230 3051 1291 3114 337
1310 3055 1345 3130 2).

319 3293 325 3302 -
379 3260 400 3327 ¹)
437 3260 609 3328 Quamquam
627 3259 673 3313 vix
693 3277 791 3328 operae
809 3260 929 3327 pretium
949 3263 992 3313 est
1009 3262 1171 3328 putandum,
1190 3265 1282 3314 tamen
1301 3267 1332 3314 ut
1352 3282 1416 3332 pro-

310 3348 400 3414 posito
418 3351 512 3400 nostro
530 3349 604 3400 omni
623 3349 650 3399 in
670 3365 700 3399 re
717 3346 934 3413 satisfaciamus,
965 3346 1017 3400 hoc
1041 3349 1101 3400 loco
1120 3349 1283 3402 vocabulum
1302 3346 1416 3402 ἀσόλοι-

308 3453 364 3495 κος,
383 3436 456 3503 quod
474 3435 559 3489 Troil.
579 3434 661 3503 frgm.
680 3436 731 3485 366
749 3435 897 3501 invenitur,
921 3439 949 3488 et
967 3435 1121 3503 explicatur
1139 3436 1173 3488 ab
1193 3437 1329 3504 Hesychio
1347 3434 1417 3507 ἥμε-

310 3538 366 3589 ρον,
392 3524 534 3591 προσηνές,
560 3519 592 3574 οὗ
609 3516 747 3592 βάρβαρον
764 3540 820 3575 uon
838 3522 948 3575 videtur
966 3523 1158 3577 omittendum.
1206 3525 1288 3593 Cujus
1306 3525 1350 3579 vel
1367 3543 1418 3594 po·

309 3610 364 3662 tius
383 3609 515 3678 simplicis
534 3609 665 3676 adjectivi
683 3604 808 3666 σόλοικος
831 3610 966 3678 originem
984 3614 1090 3664 veteres
1109 3611 1257 3680 scriptores
1276 3613 1382 3666 ducunt
1401 3633 1419 3667 a

308 3691 393 3748 Σόλοι
410 3698 479 3750 urbe
497 3697 608 3750 Ciliciae
626 3700 675 3748 aut
693 3696 774 3764 Cypri
792 3697 911 3764 insulae,
944 3697 1109 3750 Graecorum
1130 3698 1250 3767 colonia,
1279 3699 1356 3768 cujus
1376 3702 1418 3754 in-

310 3784 387 3836 colae
410 3783 601 3854 indigenarum
630 3783 829 3836 consuetudiue
854 3784 976 3852 ipsorum
1000 3784 1109 3854 linguae
1133 3785 1316 3840 elocutionem
1338 3789 1419 3844 brevi

310 3871 351 3923 ita
370 3871 551 3939 corruperint,
571 3870 647 3923 utin
667 3872 842 3939 proverbium
862 3872 980 3924 abirent.
1021 3873 1090 3925 Inde
1109 3873 1288 3926 derivandam
1306 3893 1366 3928 esee
1385 3878 1418 3929 il-

308 3958 362 4010 liue
380 3958 507 4011 vocabuli
525 3953 650 4016 σόλοικος
662 3958 777 4012 formam
797 3963 825 4012 et
837 3957 1065 4028 significationem
1077 3959 1251 4028 primariam;
1271 3961 1417 4019 cf.'Strab.

274 4063 277 4065 “
309 4064 336 4114 p.
350 4047 410 4097 663,
446 4045 526 4114 Diog.
544 4045 636 4099 Laert.
655 4046 675 4114 Ι,
696 4049 738 4100 51.
774 4046 902 4100 Euatath.
924 4047 959 4100 ad
977 4047 1057 4102 Dion.
1092 4047 1152 4099 Per.
1173 4047 1271 4115 pato.
1290 4053 1373 4119 atque
1387 4052 1419 4106 in

311 4133 468 4186 universum
486 4133 575 4186 Raoul
593 4133 729 4187 Rochette
747 4133 861 4187 histoire
880 4135 928 4188 des
948 4134 1067 4187 coloniee
1087 4135 1135 4187 des
1154 4133 1237 4188 Grecs
1256 4137 1303 4205 111,
1322 4153 1349 4205 p.
1363 4139 1417 4192 377

311 4238 388 4289 eqq.;
408 4237 574 4288 quamquam
591 4219 710 4289 Lobeck,
728 4220 831 4289 pathol,
850 4221 917 4289 ling.
938 4221 1034 4276 Graec.
1056 4239 1084 4290 p.
1098 4223 1150 4274 330
1168 4224 1307 4277 adversari
1325 4226 1419 4280 analo-

312 4308 375 4376 giae
392 4309 470 4361 illam
487 4307 615 4362 vocabuli
631 4307 743 4376 ignotae
761 4307 876 4378 originis
895 4308 1089 4378 etymologiam
1109 4311 1260 4363 contendit.

377 4395 401 4460 ²)
436 4393 499 4448 Non
517 4394 638 4448 alienum
650 4394 768 4464 videtur,
785 4412 880 4449 versus
893 4395 954 4449 illos
969 4413 1052 4464 supra
1065 4396 1083 4448 l.
1102 4396 1168 4450 Oed.
1187 4397 1418 4468 Tyr.1227sqq.:
