3334 5217
787 512 829 578 41

256 707 362 788 Antig.
393 727 421 767 v.
446 702 466 766 8
495 701 535 768 de
565 700 699 767 Creonte
727 723 800 785 rege
828 706 1016 784 usurpatum
1045 705 1101 764 est.
1153 698 1361 763 Permanente

257 808 341 873 enim
363 806 419 871 illa
440 805 564 888 imperii
585 804 807 889 prorogatione
828 804 949 869 factum
972 809 1035 880 est,
1065 806 1102 866 ut
1123 820 1237 865 munus
1260 820 1359 883 στρα-

256 913 355 994 τηγοῦ
377 908 517 972 omnium
531 908 774 990 magistratuum
789 913 872 972 osset
887 905 1104 989 gravmsimum
1118 906 1154 989 ¹),
1177 909 1273 984 atque
1286 900 1361 968 inde

256 1011 314 1076 illa
335 1010 547 1093 appellatione
569 1023 692 1074 summa
713 1010 748 1072 iu
769 1009 932 1092 republica
954 1007 1091 1090 gerenda
1110 1010 1250 1090 potestas
1266 1005 1361 1087 signi-

255 1113 423 1192 ficaretur3
450 1113 557 1194 itaque
578 1133 647 1178 eam
670 1133 742 1175 cum
760 1112 832 1195 jure
855 1111 991 1193 quodam
1014 1111 1110 1174 etiam
1128 1107 1196 1192 regi
1216 1106 1362 1172 heroicae

256 1216 373 1280 aetatis
393 1216 554 1297 imponere
576 1215 702 1279 licuisse
722 1220 845 1296 poetae,
866 1234 923 1296 per
945 1235 978 1277 se
999 1211 1122 1276 videtur
1143 1209 1362 1292 perspicuum3

256 1317 396 1395 accedit,
427 1317 513 1399 quod
544 1338 581 1381 eo
608 1317 677 1399 ipso
705 1321 865 1399 tempore,
897 1336 960 1397 quo
982 1314 1141 1397 Antigona
1167 1312 1303 1394 primum
1328 1311 1362 1374 in

257 1441 390 1498 scenam,
407 1419 563 1501 producta
585 1423 633 1482 est
655 1418 696 1502 (c.
720 1418 843 1502 Olymp.
865 1417 1068 1501 LXXXIV),
1100 1414 1229 1479 Periclis
1251 1416 1363 1496 poten·

256 1522 319 1600 tia,
352 1543 528 1605 quaecum
550 1515 728 1607 στρατηγία
751 1521 920 1605 conjuncta
941 1520 957 1585 f
978 1521 1018 1597 't,
1049 1519 1082 1583 in
1111 1536 1232 1581 summo
1254 1512 1363 1579 stabat

255 1623 383 1708 fastigio
395 1625 434 1707 2).

600 1929 628 1977 B.
663 1930 701 1977 De
718 1927 875 1989 reipublicae
892 1925 1022 1976 mtitutta

758 2158 788 2236 s.
813 2153 863 2218 11.

343 2291 449 2356 Verbo
480 2297 606 2356 tantum
637 2292 762 2356 videtur
797 2291 1005 2370 monendum,
1050 2290 1136 2374 quod
1164 2291 1232 2374 jam
1269 2312 1365 2376 supra

259 2398 303 2476 (ᾖ.
327 2394 371 2479 7.)
400 2394 579 2477 tetigimus,
612 2393 842 2477 rempublicam
862 2395 988 2460 strictis
1015 2393 1137 2477 legibus
1158 2399 1190 2457 et
1210 2394 1364 2458 institutis

257 2495 417 2561 firmatam
438 2495 585 2561 heroicae
606 2498 704 2560 aetati
724 2497 919 2578 incognitam
933 2497 1039 2562 fuisse.
1083 2496 1174 2586 Hanc
1189 2496 1364 2578 posteriora

257 2604 403 2680 tempora
423 2603 675 2680 progenuerunt,
708 2620 771 2681 quo
798 2599 899 2681 magis
922 2598 1064 2664 homines
1086 2598 1128 2663 ad
1149 2599 1232 2662 vitae
1253 2597 1364 2663 melius

258 2699 452 2782 compositae
473 2700 695 2780 conditionem,
717 2722 903 2784 morumque
926 2700 1102 2786 liberalium
1119 2702 1276 2766 culturam
1291 2722 1365 2783 pro-

257 2801 463 2867 vehebantur.
514 2803 556 2868 Et
577 2805 676 2869 talem
698 2805 825 2887 quidem
848 2804 1007 2869 societatis
1029 2805 1129 2868 civilis
1151 2804 1285 2869 formam
1308 2803 1365 2867 So-

257 2903 413 2988 phoclem,
435 2903 489 2968 ubi
510 2905 702 2994 reipublicae
724 2908 916 2972 mentionem
937 2907 1048 2990 injicit,
1070 2907 1176 2970 animo
1199 2906 1259 2972 sibi
1281 2907 1366 2990 cogi·

258 3006 391 3084 lavisse,
423 3026 520 3087 quum
548 3029 606 3091 per
635 3030 667 3073 se
696 3010 900 3093 intelligitur,
933 3004 1156 3092 praeterquam
1186 3009 1271 3090 quod
1292 3030 1365 3092 per·

258 3108 366 3172 multis
395 3107 602 3174 confirmatur
629 3112 816 3176 testimoniis
847 3133 886 3175 ex
916 3111 983 3196 ejus
1014 3109 1131 3176 fabulis
1160 3110 1303 3193 petendis
1323 3113 1363 3195 3),
1456 3094 1460 3102 ’

258 3216 327 3274 tum
359 3211 496 3275 maxime
529 3233 567 3276 ea
598 3234 633 3277 re
666 3214 918 3292 demonstratur,
954 3212 1040 3296 quod
1072 3235 1119 3293 ea,
1152 3235 1233 3296 quae
1266 3213 1364 3297 ipsius

259 3318 364 3377 aetate
394 3319 426 3378 et
453 3314 487 3378 in
517 3335 575 3379 sua
605 3315 731 3398 quidem
760 3317 888 3382 civitate
915 3317 1062 3383 instituta
1090 3320 1196 3395 erant,
1233 3316 1365 3381 heroum

259 3416 453 3497 temporibus
481 3406 595 3482 tribuit
602 3444 611 3497 3
651 3417 693 3481 ad
721 3417 800 3484 haec
829 3420 926 3502 igitur
956 3420 1154 3502 potissimum
1186 3419 1277 3484 nobis
1306 3419 1366 3488 erit

258 3518 474 3615 spectandum.
553 3602 555 3606 ,

330 3827 352 3897 ¹)
387 3827 423 3882 cf.
441 3827 474 3882 Ε.
492 3827 611 3895 Curtius,
631 3827 751 3881 attische
769 3828 884 3882 Studien
902 3830 936 3897 ΙΙ,
954 3847 981 3898 p.
995 3831 1038 3884 61.
1139 3865 1142 3876 ,

304 3979 311 3988 ὑ
329 3916 354 3984 ²)
390 3915 425 3970 cf.
446 3915 535 3984 Peter,
554 3914 704 3969 Zeittafeln
721 3916 771 3969 der
789 3916 898 3971 Grieoh.
918 3916 1084 3971 Geschichte
1101 3935 1128 3987 p.
1141 3920 1176 3970 60
1194 3937 1221 3973 u.
1234 3919 1277 3974 74.

328 4002 352 4072 3)
386 4003 449 4056 Jam
466 4003 577 4056 illorum
596 3997 748 4074 ἅγράπτων
764 4007 892 4074 νομίμων
912 4007 1171 4058 commemoratione
1191 4006 1255 4058 Ant.
1273 4024 1298 4059 v.
1312 4009 1364 4058 454

258 4089 304 4158 (cf.
319 4089 344 4159 ξ.
358 4088 394 4158 7.)
413 4091 533 4159 scriptae
549 4091 624 4159 leges
644 4091 725 4144 simul
743 4091 919 4158 denotantur,
940 4108 1010 4158 quae
1027 4091 1139 4146 heroico
1157 4111 1224 4146 aevo
1243 4095 1365 4162 incogni-

258 4183 316 4245 tae,
340 4177 492 4245 posteriore
512 4182 602 4231 aetate
620 4180 711 4246 prima
728 4179 860 4247 cujusque
878 4179 1048 4247 reipublicae
1067 4180 1247 4234 fundamenta
1265 4181 1364 4236 efficie-

257 4265 335 4319 bant.
364 4272 368 4276 ’
