3334 5217
795 531 838 596 43

265 717 459 784 domicilium
478 718 541 784 sibi
564 718 745 801 delegerant
767 717 868 802 (ξένοι
890 717 1040 800 μέτοικοι
1055 721 1114 805 1)),
1135 721 1256 805 legibus
1277 728 1369 787 erant

265 819 403 886 definita.
446 820 519 885 Jam
548 821 703 886 Homerus
732 843 785 886 ees
812 827 1053 900 commemorat,
1084 841 1276 904 quamquam
1304 824 1368 888 alio

264 923 320 987 illo
342 924 469 988 nomine
489 919 694 1008 μετανάστης
720 924 754 988 10
783 924 819 988 Π.
843 929 868 1004 Ι,
892 945 919 988 v.
944 921 1006 988 648
1037 930 1069 987 01
1096 927 1141 1003 Π,
1164 945 1192 988 v.
1215 923 1266 988 59.
1319 925 1368 990 Ex

265 1025 315 1088 his
336 1031 442 1089 autem
465 1026 558 1103 locis,
589 1027 645 1090 ubi
671 1019 829 1111 άτίμητον
857 1020 1060 1112 μετανάστην
1088 1026 1180 1104 dicit,
1216 1028 1368 1092 aectoris

265 1127 385 1192 civibus
412 1128 476 1191 illis
504 1128 589 1192 haud
611 1149 760 1212 maguum
782 1128 935 1193 honorem
955 1128 1111 1192 tributum
1132 1127 1227 1193 fuisse
1248 1131 1369 1212 perspi-

265 1231 348 1295 citur
360 1231 405 1315 ²),
428 1229 544 1294 nedum
567 1237 654 1294 certa
671 1231 747 1315 jura
766 1230 804 1293 iis
826 1237 902 1294 tunc
922 1230 1040 1295 fuerint
1062 1251 1228 1308 concessa,
1255 1229 1369 1311 quibus

265 1338 375 1415 postca
395 1332 481 1415 apud
502 1332 708 1398 Athenienses
735 1332 883 1413 inquilini
909 1332 1105 1396 fruebantur.
1156 1333 1370 1416 1100000100-

265 1433 351 1497 modi
373 1433 491 1497 fuerint
513 1434 674 1498 nonnullis
696 1434 862 1516 Sophoclis
885 1455 1010 1516 quoque
1037 1435 1115 1499 locis
1143 1442 1192 1499 est
1212 1433 1369 1517 significa·

264 1543 341 1600 tum.
385 1535 565 1618 Appellatio
594 1537 650 1601 illa
679 1533 768 1616 ξένος
793 1535 947 1617 μέτοικος
976 1535 1144 1618 Oedipodi,
1178 1537 1293 1618 quippe
1315 1537 1370 1618 qui

265 1637 417 1703 Corintho
448 1637 600 1704 oriundus
628 1639 662 1701 in
683 1638 905 1703 Thebanorum
935 1639 1060 1704 civitate
1091 1639 1196 1703 sedem
1224 1639 1369 1703 stabilem

264 1741 444 1819 invenisset,
465 1741 499 1804 in
521 1739 597 1805 Oed.
618 1739 689 1823 Tyr.
712 1763 740 1803 v.
757 1741 821 1804 452
842 1742 1024 1823 imponitur.
1068 1741 1292 1823 Unusquisque
1314 1763 1370 1806 au·

264 1850 328 1909 tem
349 1843 593 1924 inquilinorum,
624 1864 722 1924 quum
750 1841 860 1907 eodem
884 1843 956 1928 jure
979 1863 1041 1925 quo
1065 1843 1147 1908 cives
1169 1863 1234 1907 non
1256 1849 1369 1921 essent,

264 1952 301 2010 ut
321 1946 404 2010 inter
426 1946 484 2009 hos
507 1951 676 2027 patronum
700 1941 919 2031 (προστάτης)
948 1945 1008 2010 sibi
1029 1945 1172 2028 eligeret,
1203 1947 1293 2031 cujus
1319 1951 1371 2010 tu-

263 2048 330 2113 tela
350 2048 384 2112 in
406 2047 550 2112 omnibus
571 2046 665 2111 rebus
687 2047 822 2129 publicis
845 2054 876 2112 et
897 2048 1028 2130 privatis
1045 2053 1196 2126 uteretur,
1219 2047 1287 2132 lege
1302 2053 1370 2112 erat

266 2150 422 2234 obligatus
434 2152 482 2233 3),
516 2153 611 2230 atque
632 2147 690 2212 sub
713 2150 781 2232 ejus
802 2150 930 2213 nomine
951 2150 985 2212 in
1006 2149 1133 2214 tabulas
1154 2148 1299 2231 publicas
1321 2150 1370 2213 in-

264 2251 460 2317 scribebatur
472 2253 512 2336 4).
554 2250 645 2314 Hanc
674 2272 741 2314 rem
770 2249 959 2334 significavit
989 2251 1160 2334 Sophocles
1191 2251 1370 2315 0010Τί00-

263 2355 343 2419 siam
366 2353 442 2419 Oed.
463 2353 535 2438 Tyr.
558 2353 622 2416 410
644 2353 741 2418 100101
763 2351 932 2418 dicentem:

393 2448 433 2519 ου’
453 2451 514 2539 γάρ
535 2478 568 2520 τι
590 2451 645 2518 σοὶ
666 2452 710 2533 ζῶ
728 2453 853 2535 δοῦλος,
877 2449 961 2519 sara
984 2450 1096 2542 Λοξίᾳ

395 2551 473 2621 ὥστ’
495 2549 534 2620 οὗ
556 2554 721 2642 Κρέοντος
743 2552 972 2641 προστάτου
994 2553 1251 2642 γεγράψομαιό).

264 2660 453 2743 Saepissime
474 2665 580 2724 autem
601 2660 625 2722 ii
645 2658 808 2740 inquilini,
841 2658 897 2740 qui
918 2659 957 2722 do
979 2659 1143 2742 republica
1165 2659 1245 2723 benc
1267 2659 1371 2724 meriti

264 2768 365 2841 erant,
388 2783 426 2826 ea
446 2783 482 2825 re
504 2760 736 2843 quodammodo
758 2761 840 2825 cives
862 2760 1133 2844 adaequabantur,
1156 2760 1242 2842 quod
1263 2761 1301 2825 iis
1319 2782 1373 2825 ca·

266 2864 337 2929 dem
359 2885 439 2946 quac
460 2864 524 2928 illis
547 2863 668 2929 tributa
689 2861 796 2949 (τέλη)
817 2862 1071 2946 imponebantur.
1117 2862 1219 2939 Quam
1241 2862 1281 2927 ob
1303 2885 1371 2928 rem

265 2961 425 3042 ἰσοτελεῖς
446 2971 520 3030 0001
541 2965 694 3048 appellati
707 2968 746 3051 6).
798 2965 864 3029 Nec
885 2966 988 3028 minus
1010 2965 1136 3030 civitate
1158 2965 1244 3047 ipsa,
1275 2985 1371 3046 quam

263 3068 322 3133 1110
342 3089 377 3132 re
397 3067 538 3131 nondum
560 3068 820 3150 impetraverant,
844 3074 881 3132 ut
902 3067 1019 3150 optime
1042 3067 1146 3132 meriti
1167 3066 1371 3146 donarentur,

265 3170 364 3236 Solon
386 3170 593 3235 constituerat
609 3171 647 3254 7).
691 3169 778 3234 Haec
800 3175 906 3235 autem
928 3175 1022 3252 poeta
1048 3168 1172 3233 videtur
1198 3170 1372 3251 respexisse

265 3273 337 3337 1000
358 3272 415 3337 1110
439 3271 514 3336 Oed.
538 3266 609 3356 Tyr.
631 3293 660 3337 v.
682 3272 762 3351 222,
784 3271 840 3337 uhi
861 3271 1016 3355 Oedipum
1037 3270 1193 3336 dicentem
1215 3270 1307 3336 facit:

281 3448 486 3458 ——--—-

339 3539 358 3605 ¹)
394 3538 429 3592 01.
447 3538 611 3607 Harpocrat.
631 3557 653 3593 s.
670 3557 696 3593 v.
713 3541 863 3608 μετοίκιον.

336 3626 359 3692 ²)
395 3626 430 3680 01.
453 3625 539 3680 schel.
557 3627 589 3679 Il.
608 3629 653 3687 II,
665 3645 690 3680 v.
711 3627 761 3678 58:
790 3620 906 3677 ἐδόκουν
924 3621 958 3676 δέ
975 3621 1132 3696 ἀτιμότερον
1148 3623 1219 3677 εἶναι
1235 3629 1262 3678 οἱ
1278 3629 1373 3697 μέτοι-

265 3731 319 3775 κοι,
338 3709 373 3772 ὠς
390 3710 437 3765 διὰ
454 3716 617 3784 μοχθηρίαν
635 3709 746 3785 τρόπων
763 3709 811 3770 τὰς
830 3710 904 3770 111ος
921 3709 1123 3771 esculentiores.

335 3801 359 3866 3)
395 3799 430 3854 01.
448 3800 568 3868 Etymol.
586 3801 680 3870 Magn.
698 3819 726 3869 p.
746 3803 804 3867 124,
824 3802 867 3852 50.
917 3867 922 3877 .

336 3888 359 3954 ⁴)
395 3887 431 3940 01.
450 3888 478 3941 0.
495 3888 541 3941 Fr.
559 3887 700 3940 Hermann
719 3887 827 3942 Griech.
845 3887 1069 3940 Stante-Alterth.
1087 3887 1111 3957 ᾗ.
1135 3889 1192 3956 115,
1212 3894 1236 3943 5.
1284 3890 1372 3945 Meier

264 3978 296 4030 01
311 3974 475 4041 Schdmann,
493 3975 552 4027 Att.
569 3974 647 4028 Proe.
666 3992 693 4042 p.
712 3976 772 4028 561.

336 4061 358 4127 ⁵)
394 4060 429 4114 01.
448 4061 565 4128 Hesych.
592 4078 613 4114 s.
630 4079 657 4114 v.
679 4057 842 4130 προστάτου·
862 4057 926 4112 ὥστ’
945 4058 977 4112 οὐ
994 4064 1130 4133 Κρέοντος
1149 4058 1306 4131 προστάτου
1324 4081 1371 4134 γε·

264 4142 419 4218 γράψομαι·
439 4144 497 4198 άπὸ
514 4151 564 4200 τοῦ
576 4143 707 4218 Ἀθήνησι
724 4152 854 4218 νομίμου,
873 4144 970 4218 άνάμει
987 4148 1019 4201 δὲ
1038 4151 1076 4206 εἰς
1093 4144 1157 4207 τοὺς
1174 4147 1262 4220 ἥρωας
1279 4169 1303 4204 κ.
1314 4155 1370 4206 τ.1.

337 4236 359 4302 ⁶)
394 4234 567 4301 0111000111,
586 4235 855 4289 Staetshaushaltd.
875 4237 997 4290 Atheuer
1016 4237 1035 4303 I,
1055 4254 1081 4303 p.
1101 4239 1161 4290 698.

337 4323 361 4389 ⁷)
398 4320 434 4374 01.
451 4321 524 4374 Ρ101.
542 4321 596 4375 Sol.
614 4323 641 4376 C.
656 4325 698 4375 24.
733 4323 833 4376 Pseud.
852 4325 993 4378 Demosth.
1013 4341 1035 4378 e.
1056 4323 1250 4394 Neaer.§.89.
1286 4324 1371 4379 Suh‘o'·

264 4425 359 4477 mann,
377 4408 486 4464 Gricch.
504 4409 624 4462 Altcrth.
643 4411 664 4479 Ι,
681 4427 708 4479 p.
727 4409 788 4463 367.
