3334 5217
810 468 854 534 55

278 653 421 743 dentem:
444 646 729 742 ἀνδρηλαιοῦντας,
753 647 774 743 ἢ
795 651 886 743 φόνῳ
908 652 1009 743 φόνον
1032 652 1133 723 πάλιν
1154 652 1299 736 λύοντας·

244 767 248 772 ’
278 754 354 821 Oed.
376 757 447 841 Tyr.
470 780 499 821 v.
515 758 556 821 99
571 778 639 840 sqq.
663 758 702 822 of.
725 759 787 822 241
812 779 880 842 sqq.
904 759 966 824 308
982 781 1050 843 sqq.
1073 761 1137 825 402
1159 755 1381 849 ἀγηλατήσειν.

362 860 598 924 Lustrationem
620 867 726 926 autem
746 862 850 944 ipsam
871 863 1049 928 institutam
1064 865 1247 942 invenimus,
1270 865 1296 928 si
1311 885 1382 929 cae-

277 962 333 1026 des
360 963 541 1027 inconsulto
569 965 736 1029 commissa
762 965 907 1048 judicata
936 972 1020 1043 erat,
1051 965 1382 1048 praeterquamquod

277 1065 423 1130 exsilium
444 1066 477 1130 in
500 1067 578 1130 certi
600 1066 764 1150 cujusdam
786 1069 936 1150 temporis
959 1069 1096 1150 spatium
1123 1069 1325 1151 irrogabatur
1344 1071 1380 1154 ¹).

277 1165 320 1232 At
341 1169 492 1249 quoniam
514 1169 616 1233 exsilii
637 1190 758 1252 poenae
779 1169 866 1252 apud
888 1168 1027 1234 Graecos
1048 1171 1272 1235 usitatissimae
1294 1192 1381 1235 men-

275 1271 395 1334 tionem
422 1271 605 1356 injecimus,
638 1293 703 1336 non
733 1273 872 1336 ebenum
898 1272 1038 1351 videtur,
1071 1273 1132 1338 hoo
1162 1273 1232 1337 loco
1261 1293 1380 1337 morem

277 1372 436 1454 quendam
457 1372 580 1452 afferre,
602 1395 696 1458 quem
717 1374 888 1459 Sophocles
911 1375 986 1440 Ocd.
1003 1373 1068 1439 Col.
1090 1395 1118 1440 v.
1134 1375 1198 1439 430
1219 1395 1283 1439 non
1298 1380 1381 1440 tecte

276 1473 479 1559 significavit,
500 1476 555 1541 ubi
577 1475 731 1560 Oedipum
752 1477 830 1544 facit
853 1478 1025 1543 dicentem:

735 1572 806 1644 ἀλλ’
827 1575 1010 1657 ἀνάστατος

406 1674 519 1759 adroic
540 1678 729 1770 ἐπέμφθην,
752 1675 993 1770 κάξεκηράχθην
1015 1676 1127 1767 φυγάς.

277 1781 367 1859 Quod
389 1783 431 1848 ad
452 1805 520 1850 rem
541 1786 671 1864 attinet,
701 1806 740 1850 ex
761 1785 915 1851 institutis
937 1805 1002 1850 non
1026 1784 1120 1848 modo
1141 1782 1380 1847 Atheniensium

275 1906 384 1950 verum
407 1887 503 1951 etiam
525 1895 701 1952 ceterorum
717 1887 910 1952 Graecorum
933 1893 1011 1965 erat,
1034 1892 1070 1951 ut
1090 1906 1205 1950 nomen
1228 1886 1305 1969 ejus,
1329 1886 1380 1949 cui

274 1987 332 2052 illa
353 2010 456 2071 poena
479 1996 547 2054 erat
568 1991 723 2073 irrogata,
745 1989 872 2073 publice
894 1989 1068 2054 ediceretur
1091 1981 1323 2074 (ἕκκηράιτειν)
1340 1988 1379 2071 2).

275 2088 442 2174 Ejusmodi
468 2099 574 2156 autem
600 2093 773 2175 quidquam
798 2094 867 2177 jam
888 2092 1015 2157 heroico
1038 2112 1115 2156 aevo
1137 2090 1232 2155 fuisse
1253 2089 1380 2154 institu-

275 2198 359 2272 tum,
381 2193 442 2258 hoe
464 2193 505 2258 ab
528 2193 664 2261 Homero
687 2216 751 2260 non
771 2195 925 2259 traditum
948 2195 1134 2278 accepimus.

361 2293 406 2360 Ut
423 2297 492 2381 jam
513 2297 556 2361 ad
576 2299 773 2382 propositum
794 2296 988 2376 recedamua
1010 2317 1139 2381 prorsus
1159 2296 1252 2361 aliter
1273 2315 1323 2359 res
1346 2315 1379 2359 se

275 2397 430 2476 habebat,
467 2401 494 2465 si
515 2401 586 2481 quis
607 2407 719 2465 contra
737 2402 801 2465 vim
820 2401 945 2465 illatam
968 2421 1035 2465 sese
1056 2398 1227 2465 defendens
1249 2397 1376 2462 eaedem

275 2506 513 2585 perpetraverat
520 2529 529 2581 ;
564 2503 592 2566 is
614 2503 698 2566 enim
720 2524 784 2568 non
806 2504 901 2567 modo
921 2500 1127 2587 judicabatur
1148 2501 1320 2583 impunitus
1335 2501 1377 2585 3),

275 2603 391 2669 sedne
413 2605 602 2670 lustratione
623 2604 750 2686 quidem
772 2607 894 2688 expiari
917 2611 1055 2682 coactus,
1078 2609 1163 2668 certe
1177 2623 1241 2666 non
1256 2602 1378 2686 legibus
1432 2681 1436 2686 .

273 2710 393 2791 eram).
437 2706 505 2771 Hoc
526 2728 601 2772 voro
622 2707 706 2772 idem
721 2707 893 2790 Sophocles
912 2707 1115 2789 accipiendus
1137 2711 1184 2771 est
1205 2705 1379 2788 respexisse

271 2809 306 2872 in
329 2807 404 2873 Oed.
428 2807 493 2874 Col.
516 2832 545 2873 v.
568 2809 631 2874 548
649 2813 694 2896 ⁵):

346 3011 367 3069 Ι)
403 3009 438 3064 ef.
459 3009 577 3077 Hesych.
602 3027 623 3062 s.
640 3027 666 3063 v.
691 3006 914 3079 ἀπινιαυτισμός.
954 3010 1039 3064 schol.
1064 3008 1130 3063 Eur.
1155 3009 1265 3078 Hippol.
1289 3028 1314 3064 v.
1334 3011 1376 3062 35.

272 3097 414 3151 Demosth.
434 3113 458 3151 ο.
477 3098 610 3151 Aristocr.
629 3097 654 3166 ξ.
670 3098 712 3150 m.
747 3098 819 3151 Plat.
837 3099 909 3168 legg.
928 3099 975 3166 IX,
993 3115 1020 3165 p.
1039 3099 1099 3149 869.

343 3186 365 3253 ²)
401 3184 437 3238 cf.
455 3173 527 3237 Plut.
547 3185 633 3238 Arist.
651 3184 679 3237 Ο.
699 3183 727 3253 7,
755 3186 803 3240 ubi
821 3186 856 3238 de
875 3184 998 3238 Aristide
1021 3187 1157 3238 testarum
1174 3183 1312 3254 suffragiis
1329 3200 1377 3254 pa-

270 3272 325 3326 tria
342 3273 457 3340 expulso
477 3275 635 3325 sermo‘est.
671 3272 771 3326 Herod.
790 3272 838 3340 111,
861 3274 910 3324 148
928 3267 1086 3343 ἐξεκήρυξαν
1106 3269 1284 3342 Μαιάνδριον
1300 3302 1334 3311 -
1353 3290 1375 3325 c.

270 3365 327 3416 not.
346 3359 535 3429 Wesselingii‚
553 3359 806 3428 Schweighaeuseri
824 3359 995 3428 aliorumque
1013 3360 1212 3429 interpretum,
1231 3361 1278 3428 qui
1295 3361 1377 3429 plura

270 3447 328 3515 ejus
346 3448 388 3500 rei
406 3446 532 3515 exempla
550 3447 712 3500 attulerunt.
747 3447 836 3502 Meier
854 3451 882 3500 et
899 3447 1063 3516 Sehbmann‚
1083 3449 1132 3500 att.
1153 3447 1231 3502 Proc.
1249 3465 1276 3516 p.
1291 3447 1350 3500 741.

340 3536 364 3598 ³)
402 3533 437 3589 ef.
450 3534 591 3588 Demosth.
609 3551 633 3588 ο.
646 3535 778 3588 Aristoer.
797 3535 822 3605 ξ.
835 3537 884 3589 6οε
902 3536 950 3586 καὶ
968 3531 1017 3587 ἐὰν
1035 3525 1155 3604 φέράντα
1172 3529 1190 3600 ἢ
1209 3530 1314 3604 άμοντα
1328 3537 1375 3602 pta

270 3620 372 3680 ἀδίκως
385 3617 472 3680 εὐθὺς
490 3616 663 3693 ἀμυνόμενος
680 3626 779 3693 κτείνῃ,
797 3624 911 3685 νηποινὶ
929 3618 1068 3674 τεθνάναι·
1087 3640 1156 3691 quae
1173 3623 1219 3675 lex
1237 3623 1272 3675 ab
1291 3621 1376 3690 Apol·

268 3712 365 3771 lodoro
382 3711 417 3777 II,
436 3713 461 3778 4,
480 3713 496 3762 9
518 3710 577 3777 jem
597 3709 789 3763 Radamantbo
810 3708 898 3777 judici
921 3711 964 3763 illi
981 3710 1172 3778 antiquissimo
1194 3711 1374 3764 adscribitur:

228 3814 246 3842 ι
268 3792 476 3939 Ψῖριάαμανθάος
494 3793 585 3866 νόμος
606 3791 636 3856 ὃς
647 3792 682 3849 ἀν
697 3791 835 3865 ἀμύνηται
846 3796 894 3848 τὸν
904 3802 1005 3869 χειρῶν
1018 3795 1123 3850 ἀδίκων
1135 3793 1262 3869 ἄρξαντα,
1280 3794 1376 3848 ἀθῶον

268 3904 346 3948 ενοι.

338 3975 362 4042 4)
397 3974 432 4029 ef.
450 3975 528 4027 Dem.
548 3990 570 4028 e.
588 3972 666 4041 Lept.
685 3971 709 4041 ᾗ.
732 3973 789 4024 les.
826 3972 897 4025 Plat.
917 3974 989 4042 legg.
1007 3991 1034 4041 p.
1047 3972 1114 4025 874:
1132 3967 1166 4023 ὃν
1185 3969 1217 4024 ἀὲ
1235 3967 1249 4021 ὁ
1269 3973 1376 4030 κτείνας

269 4060 314 4134 ἐφ’
334 4055 375 4120 οἷς
391 4079 421 4114 τε
439 4059 531 4133 ὀρθῶς
548 4055 583 4111 ἀν
602 4055 725 4130 καθαρὸς
742 4062 793 4124 εἴη,
810 4055 873 4110 τάδ’
891 4059 969 4115 ἔστω.

338 4152 360 4217 5)
394 4149 448 4202 Hie
465 4166 559 4204 versus
578 4166 612 4201 ex
630 4147 765 4216 Sophocle
783 4149 887 4215 petitus
908 4153 1005 4202 eontra
1022 4147 1241 4201 Seboemannum
1260 4145 1373 4199 efferen-

268 4239 320 4292 dus
336 4238 447 4292 videtur
464 4254 531 4305 esee,
551 4236 598 4304 qui
616 4236 652 4289 ad
669 4236 768 4290 Aesch.
782 4236 862 4289 Eum.
875 4252 902 4304 p.
915 4238 950 4288 69
968 4235 1042 4303 apud
1060 4239 1156 4303 poetae
1175 4235 1296 4304 tragicos
1313 4234 1374 4288 nul·

267 4326 325 4379 lum
343 4327 434 4379 locum
451 4325 589 4379 invenisse
612 4341 640 4378 ae
663 4324 819 4393 contendit,
848 4324 993 4392 quainter
1012 4322 1125 4377 caedem
1143 4321 1327 4375 voluntariam
1346 4325 1374 4375 et
