3334 5217
833 473 872 548 11

303 661 424 744 cydidis
452 661 508 725 illo
535 659 656 744 judicio
688 660 775 723 nisus
804 681 876 724 cum
903 655 1088 722 Aristarcho
1106 656 1132 739 ¹)
1168 656 1261 721 eiiam
1296 677 1404 718 versus

303 763 380 833 istos
395 762 453 827 Od.
471 787 500 842 α,
518 762 599 841 344;
621 762 649 841 d,
667 762 746 839 726;
768 761 831 824 816
837 789 846 840 ;
869 785 895 840 ο,
914 760 965 838 80,
980 760 1013 822 in
1025 758 1139 840 quibus
1148 757 1281 822 Graecia
1289 751 1405 833 Ἑλλάς

303 864 389 928 dicta
410 864 550 942 videtur,
579 865 704 947 spurios
726 885 793 928 esse
815 871 922 930 censet
933 889 952 941 ;··
978 861 1040 926 nisi
1061 861 1143 924 forte
1165 860 1214 924 his
1236 857 1313 924 locis
1336 860 1404 942 ejus

302 966 390 1030 verbi
406 988 531 1032 sensum
546 966 632 1049 apud
646 965 818 1030 Homerum
839 965 990 1029 usilaimn
1013 963 1154 1045 accipere
1172 963 1335 1044 possimus.
1359 961 1399 1025 cf.

301 1067 414 1132 Nilsch
442 1068 484 1131 ad
513 1068 570 1133 Od.
599 1092 635 1147 α,
667 1067 738 1131 343.
791 1067 957 1132 Communi
992 1083 1081 1131 vero
1098 1065 1155 1130 illa
1190 1063 1403 1146 appellatione

303 1175 432 1234 auclore
459 1170 654 1253 Apollodoro
682 1192 732 1252 ap.
763 1169 910 1236 Strabon.
942 1169 1004 1232 870
1038 1167 1194 1232 Hesiodus
1223 1166 1342 1248 primus
1372 1173 1403 1231 eh

303 1271 512 1336 Archilochus
533 1275 583 1336 usi
605 1278 687 1337 sunl.
731 1273 770 1337 cf.
793 1272 867 1336 Hes,
890 1294 914 1334 ε.
938 1294 966 1334 κ.
991 1294 1019 1357 η.
1041 1293 1069 1334 v.
1085 1269 1148 1333 528
1172 1269 1247 1353 (sec.
1272 1268 1401 1346 Goaria:

300 1367 435 1459 βράδιον
457 1374 492 1438 δὲ
514 1370 758 1460 Πανελλήνεσσι
780 1368 919 1459 φαείνει,
953 1373 1003 1438 cui
1024 1369 1188 1436 addendus
1210 1377 1258 1436 est
1278 1394 1307 1436 v.
1329 1371 1402 1448 653,

300 1468 355 1540 ubi
374 1470 487 1549 Ἑλλάς
513 1475 742 1558 significatione
761 1476 818 1539 illa
839 1477 1012 1558 posteriore
1034 1480 1176 1556 tempore
1198 1473 1403 1538 usitatissima

299 1583 487 1660 usurpatum
508 1584 564 1642 est.
607 1577 701 1661 Apud
715 1578 940 1643 Archilochum
961 1574 1166 1663 Πανέλληνες
1187 1581 1402 1640 memorantur

298 1680 391 1764 frgm.
407 1680 450 1744 54
471 1680 546 1765 (sec.
559 1679 703 1765 Bergk.):
722 1675 776 1757 Ὡς
789 1674 1005 1767 Πανελλήνιον
1027 1673 1115 1758 ὄϊζύς
1137 1676 1170 1756 ἐς
1189 1673 1299 1743 Θάσον
1314 1676 1402 1744 covi-

299 1781 427 1868 δραμεν.

384 1884 446 1950 Sed
466 1889 503 1949 ut
523 1884 565 1949 ad
586 1885 784 1972 propositum
799 1885 996 1962 accedamus,
1019 1883 1190 1967 Sophocles
1206 1882 1248 1948 ad
1264 1882 1402 1948 Graecos

298 1987 332 2050 in
353 1987 534 2051 universum
555 1986 751 2052 denotandos
772 1989 905 2053 heroum
926 2008 1094 2070 personas,
1117 2007 1197 2069 quas
1219 1987 1252 2050 in
1274 2007 1401 2051 scenam

297 2087 454 2173 producit,
473 2109 539 2152 non
558 2087 652 2153 modo
666 2089 835 2177 Homerica
856 2090 912 2153 illa
926 2089 1080 2154 voeabula
1094 2081 1230 2170 Ἀχαιοί,
1247 2081 1399 2173 Ἀργεῖοι,

298 2185 427 2256 Δαναοί
447 2191 526 2255 lacit
546 2190 731 2256 adhibentes
749 2242 757 2271 ,
799 2191 855 2257 sed
877 2192 971 2257 etiam
994 2213 1191 2257 communem
1213 2211 1321 2256 eorum
1343 2211 1400 2273 ap·

297 2293 501 2376 pellationem
514 2288 681 2380 Ἓλληνες,
704 2315 785 2375 quae
805 2294 904 2376 ipsius
927 2300 1068 2376 tempore
1089 2315 1149 2358 usu
1171 2297 1299 2374 recepta
1322 2297 1400 2370 erat,

298 2417 363 2460 non
383 2395 487 2463 minus
509 2416 605 2476 quam
617 2390 732 2472 Ἑλλάς
753 2395 795 2460 ad
809 2401 910 2460 lotam
927 2395 1094 2462 Graeciam
1109 2394 1349 2478 significandam
1361 2397 1399 2480 2),

298 2497 444 2562 heroicae
466 2499 564 2562 aetati
578 2497 699 2562 tribuit.
744 2497 914 2563 Observari
934 2504 1041 2564 autem
1056 2498 1140 2577 licet,
1162 2498 1287 2563 eumin
1308 2519 1398 2562 usur·

297 2598 410 2682 pandis
446 2599 542 2664 variis
580 2599 630 2664 his
660 2599 823 2665 vocabulis
851 2606 954 2665 certas
982 2599 1042 2665 sibi
1072 2601 1155 2683 leges
1190 2599 1399 2678 constituisse,

297 2722 377 2784 ques
398 2701 556 2784 explicare
584 2702 646 2768 hoc
674 2704 745 2768 loco
775 2725 841 2768 non
862 2703 987 2768 videtur
1008 2703 1155 2768 alienum.
1198 2703 1242 2768 Et
1262 2702 1399 2785 primum

296 2791 423 2886 quidem
444 2802 540 2869 verbo
554 2805 746 2872 monendum
761 2812 818 2885 est,
840 2806 1002 2870 nonnullis
1024 2805 1101 2876 locis
1123 2806 1268 2890 proprias
1291 2826 1399 2871 eorum

296 2904 438 2970 exhiberi
460 2904 722 2989 significationm,
750 2914 847 2991 atque
874 2909 934 2987 ita,
962 2913 998 2972 ut
1018 2900 1155 2992 Ἀργεῖος
1177 2908 1219 2974 sit
1239 2907 1398 2992 Argolidis

295 3013 399 3072 terrae
414 3007 535 3074 incola:
557 3008 664 3092 Antig.
689 3033 717 3075 v.
731 3010 779 3075 15.
802 3011 852 3075 ΕΙ.
875 3033 903 3074 v.
916 3011 988 3074 693.
1014 3010 1105 3074 1459.
1129 3009 1397 3075 oed.ool.1316.

295 3110 395 3174 Acris.
418 3109 510 3192 frgm.
533 3110 584 3175 61.
642 3112 752 3196 Eriph.
775 3114 866 3196 frgm.
883 3114 962 3191 200,
998 3111 1112 3196 quibus
1140 3111 1321 3176 addendum
1350 3118 1398 3177 ese

296 3210 403 3276 lnach.
435 3211 527 3294 frgm.
549 3214 612 3278 261
636 3205 786 3301 Ἀργείας
808 3210 939 3296 χθονός.
991 3215 1103 3297 ltaque
1124 3207 1256 3294 Ἀχαιός
1283 3213 1398 3279 dicitur

295 3312 439 3378 Achaeus
466 3314 632 3382 Phthiotes
660 3324 717 3382 aut
745 3317 1044 3400 Peloponnesiacos:
1081 3317 1231 3395 Ε1.701;
1267 3311 1398 3393 Δαναός

295 3414 400 3480 Danai
428 3417 534 3499 proles
561 3417 625 3484 sive
654 3419 787 3504 Argivus
816 3421 866 3504 Aj.
889 3420 961 3484 225.
1020 3419 1170 3485 Generali
1202 3424 1309 3484 autem
1342 3420 1397 3484 illo

295 3538 389 3583 sensu
410 3517 587 3597 Homerico,
609 3541 672 3602 quo
693 3544 759 3588 non
781 3522 930 3588 differunt
951 3520 1190 3605 significatione,
1212 3521 1322 3586 eadem
1343 3543 1397 3586 vo·

295 3617 411 3685 cabula
436 3641 458 3685 a
486 3621 642 3706 Sophocle
671 3623 852 3707 saepissime
879 3629 1031 3708 usurpata
1062 3623 1258 3701 invenimus,
1295 3644 1397 3706 neque

295 3726 403 3786 tamen
424 3722 458 3787 in
479 3723 551 3788 aliis
571 3725 763 3808 tragoedia,
800 3747 895 3809 quarn
918 3747 1001 3809 quae
1021 3725 1203 3792 fabularum
1223 3725 1300 3792 belli
1320 3725 1397 3792 Tro·

367 4003 387 4072 1)
423 4002 458 4057 cl.
476 4001 572 4070 Lehrs,
590 4003 625 4057 de
642 4002 798 4059 Aristarchi
816 4002 916 4058 studiis
933 4003 1086 4058 Homericis
1112 4021 1138 4074 p.
1152 4005 1212 4058 232.
1428 4067 1429 4070 Ἴ

364 4089 388 4156 ²)
424 4089 460 4145 of.
482 4090 606 4145 111681.
631 4091 693 4145 694.
717 4091 800 4146 ‘Oed.
824 4091 881 4146 Col.
902 4091 966 4158 734.
999 4091 1069 4146 Phil.
1094 4094 1155 4146 256.
1195 4094 1294 4149 Trach.
1314 4096 1395 4164 11123

294 4177 394 4245 quibus
412 4175 481 4231 locis
499 4177 618 4233 addendi
640 4182 718 4232 sunl:
749 4178 859 4246 11426
884 4174 1002 4238 Ἑλλανλς
1020 4174 1117 4249 χθώνς
1146 4179 1217 4235 Phil.
1231 4183 1282 4234 233
1305 4177 1396 4241 Ἑλλὰς

294 4259 394 4330 στολῆς
424 4264 524 4321 Trach.
539 4265 607 4317 1060
625 4260 683 4317 οὔτ’
700 4260 799 4327 Ἑλλάς,
826 4260 883 4320 οὔτ’
901 4261 1043 4336 ἄγλωσσος
1068 4267 1137 4338 (scil.
1165 4271 1202 4338 γῆ
1219 4267 1255 4323 cl.
1271 4268 1396 4325 Wunder

295 4351 331 4404 od
348 4351 376 4406 h.
393 4352 412 4406 1.
430 4355 460 4407 el
475 4353 598 4432 Ellendt.
615 4354 670 4409 lex.
687 4353 770 4424 Soph.
789 4371 811 4410 c.
828 4371 855 4408 v.
869 4348 978 4423 Ἑλλάς).
