<?xml version="1.0" encoding="UTF-8"?>
<!DOCTYPE html PUBLIC "-//W3C//DTD XHTML 1.0 Transitional//EN"
    "http://www.w3.org/TR/xhtml1/DTD/xhtml1-transitional.dtd">
<html xmlns="http://www.w3.org/1999/xhtml" xml:lang="en" lang="en">
 <head>
  <title>
</title>
<meta http-equiv="Content-Type" content="text/html;charset=utf-8" />
  <meta name='ocr-system' content='tesseract 3.04.00' />
  <meta name='ocr-capabilities' content='ocr_page ocr_carea ocr_par ocr_line ocrx_word'/>
</head>
<body>
  <div class='ocr_page' id='page_1' title='image "./sophoclesquomod00goecgoog_0019.png"; bbox 0 0 3334 5217; ppageno 0'>
   <div class='ocr_carea' id='block_1_1' title="bbox 779 546 819 609">
    <p class='ocr_par' dir='ltr' id='par_1_1' title="bbox 779 546 819 609">
     <span class='ocr_line' id='line_1_1' title="bbox 779 546 819 609; baseline 0.025 -1"><span class='ocrx_word' id='word_1_1' title='bbox 779 546 819 609; x_wconf 81' lang='lat' dir='ltr'>lo</span> 
     </span>
    </p>
   </div>
   <div class='ocr_carea' id='block_1_2' title="bbox 244 731 1347 1127">
    <p class='ocr_par' dir='ltr' id='par_1_2' title="bbox 244 731 1347 1127">
     <span class='ocr_line' id='line_1_2' title="bbox 249 731 1347 823; baseline -0.003 -24"><span class='ocrx_word' id='word_1_2' title='bbox 249 735 404 823; x_wconf 80' lang='grc' dir='ltr'><strong><em>Ελληνας.</em></strong></span> <span class='ocrx_word' id='word_1_3' title='bbox 448 737 491 802; x_wconf 86' lang='lat' dir='ltr'>Et</span> <span class='ocrx_word' id='word_1_4' title='bbox 512 736 573 801; x_wconf 90' lang='lat' dir='ltr'>hoc</span> <span class='ocrx_word' id='word_1_5' title='bbox 595 734 720 818; x_wconf 87' lang='lat' dir='ltr'>quidem</span> <span class='ocrx_word' id='word_1_6' title='bbox 744 755 838 801; x_wconf 84' lang='lat' dir='ltr'>sensu</span> <span class='ocrx_word' id='word_1_7' title='bbox 859 731 939 798; x_wconf 87' lang='lat' dir='ltr'>illud</span> <span class='ocrx_word' id='word_1_8' title='bbox 959 731 1147 799; x_wconf 83' lang='lat' dir='ltr'>vocabulum</span> <span class='ocrx_word' id='word_1_9' title='bbox 1170 733 1203 797; x_wconf 90' lang='lat' dir='ltr'>in</span> <span class='ocrx_word' id='word_1_10' title='bbox 1218 731 1347 798; x_wconf 82' lang='lat' dir='ltr'>oraculo</span> 
     </span>
     <span class='ocr_line' id='line_1_3' title="bbox 245 835 1346 923; baseline -0.005 -19"><span class='ocrx_word' id='word_1_11' title='bbox 245 840 382 921; x_wconf 86' lang='lat' dir='ltr'>quodam</span> <span class='ocrx_word' id='word_1_12' title='bbox 405 839 491 923; x_wconf 81' lang='lat' dir='ltr'>apud</span> <span class='ocrx_word' id='word_1_13' title='bbox 513 837 642 903; x_wconf 87' lang='lat' dir='ltr'>Diodor.</span> <span class='ocrx_word' id='word_1_14' title='bbox 658 840 685 923; x_wconf 85' lang='lat'>¹)</span> <span class='ocrx_word' id='word_1_15' title='bbox 708 859 775 902; x_wconf 87' lang='lat' dir='ltr'>exc.</span> <span class='ocrx_word' id='word_1_16' title='bbox 791 837 863 902; x_wconf 79' lang='lat' dir='ltr'>vat.</span> <span class='ocrx_word' id='word_1_17' title='bbox 887 858 916 920; x_wconf 91' lang='lat' dir='ltr'>p.</span> <span class='ocrx_word' id='word_1_18' title='bbox 936 835 975 899; x_wconf 81' lang='lat'>12</span> <span class='ocrx_word' id='word_1_19' title='bbox 1000 841 1032 900; x_wconf 89' lang='lat' dir='ltr'>et</span> <span class='ocrx_word' id='word_1_20' title='bbox 1052 835 1138 919; x_wconf 82' lang='lat' dir='ltr'>apud</span> <span class='ocrx_word' id='word_1_21' title='bbox 1151 835 1346 902; x_wconf 85' lang='lat' dir='ltr'>Herodotum</span> 
     </span>
     <span class='ocr_line' id='line_1_4' title="bbox 244 936 1346 1024; baseline -0.004 -19"><span class='ocrx_word' id='word_1_22' title='bbox 244 941 381 1024; x_wconf 90' lang='lat' dir='ltr'>primum</span> <span class='ocrx_word' id='word_1_23' title='bbox 401 941 577 1007; x_wconf 84' lang='lat' dir='ltr'>invenimus</span> <span class='ocrx_word' id='word_1_24' title='bbox 599 946 797 1023; x_wconf 83' lang='lat' dir='ltr'>usurpatum,</span> <span class='ocrx_word' id='word_1_25' title='bbox 819 944 914 1020; x_wconf 82' lang='lat' dir='ltr'>atque</span> <span class='ocrx_word' id='word_1_26' title='bbox 936 938 1046 1003; x_wconf 86' lang='lat' dir='ltr'>endem</span> <span class='ocrx_word' id='word_1_27' title='bbox 1068 938 1136 1022; x_wconf 91' lang='lat' dir='ltr'>ejus</span> <span class='ocrx_word' id='word_1_28' title='bbox 1159 936 1346 1020; x_wconf 83' lang='lat' dir='ltr'>significatio</span> 
     </span>
     <span class='ocr_line' id='line_1_5' title="bbox 244 1041 890 1127; baseline -0.002 -21"><span class='ocrx_word' id='word_1_29' title='bbox 244 1045 407 1108; x_wconf 84' lang='lat' dir='ltr'>nonnullis</span> <span class='ocrx_word' id='word_1_30' title='bbox 429 1043 594 1127; x_wconf 84' lang='lat' dir='ltr'>Sophoclis</span> <span class='ocrx_word' id='word_1_31' title='bbox 615 1044 693 1108; x_wconf 89' lang='lat' dir='ltr'>locis</span> <span class='ocrx_word' id='word_1_32' title='bbox 715 1041 890 1107; x_wconf 76' lang='lat' dir='ltr'>exhibetur.</span> 
     </span>
    </p>
   </div>
   <div class='ocr_carea' id='block_1_3' title="bbox 288 1157 1267 1364">
    <p class='ocr_par' dir='ltr' id='par_1_3' title="bbox 288 1157 1267 1364">
     <span class='ocr_line' id='line_1_6' title="bbox 288 1157 1267 1255; baseline -0.006 -19"><span class='ocrx_word' id='word_1_33' title='bbox 288 1173 328 1236; x_wconf 84' lang='lat' dir='ltr'>cf.</span> <span class='ocrx_word' id='word_1_34' title='bbox 352 1171 401 1236; x_wconf 86' lang='lat' dir='ltr'>El.</span> <span class='ocrx_word' id='word_1_35' title='bbox 424 1170 483 1236; x_wconf 81' lang='lat'>95:</span> <span class='ocrx_word' id='word_1_36' title='bbox 506 1165 630 1254; x_wconf 75' lang='grc' dir='ltr'><strong><em>πατέρ’,</em></strong></span> <span class='ocrx_word' id='word_1_37' title='bbox 653 1161 691 1235; x_wconf 78' lang='grc' dir='ltr'>ὃν</span> <span class='ocrx_word' id='word_1_38' title='bbox 713 1167 797 1234; x_wconf 84' lang='grc' dir='ltr'><strong><em>κατὰ</em></strong></span> <span class='ocrx_word' id='word_1_39' title='bbox 818 1167 878 1251; x_wconf 80' lang='grc' dir='ltr'>μὲν</span> <span class='ocrx_word' id='word_1_40' title='bbox 898 1164 1062 1255; x_wconf 87' lang='grc' dir='ltr'><strong><em>βάρβαρον</em></strong></span> <span class='ocrx_word' id='word_1_41' title='bbox 1085 1157 1160 1232; x_wconf 80' lang='grc' dir='ltr'><strong><em>αἶαν</em></strong></span> <span class='ocrx_word' id='word_1_42' title='bbox 1263 1195 1267 1202; x_wconf 94' lang='grc'><strong><em>·</em></strong></span> 
     </span>
     <span class='ocr_line' id='line_1_7' title="bbox 485 1264 1129 1364; baseline -0.008 -26"><span class='ocrx_word' id='word_1_43' title='bbox 485 1265 740 1364; x_wconf 32' lang='grc' dir='ltr'><strong><em>,φοίνιοςἌρης</em></strong></span> <span class='ocrx_word' id='word_1_44' title='bbox 762 1264 821 1337; x_wconf 73' lang='grc' dir='ltr'>οὐκ</span> <span class='ocrx_word' id='word_1_45' title='bbox 844 1269 992 1353; x_wconf 74' lang='grc' dir='ltr'><strong><em>ἐξένισεν.</em></strong></span> <span class='ocrx_word' id='word_1_46' title='bbox 1022 1357 1024 1360; x_wconf 16' lang='lat'>¹</span> <span class='ocrx_word' id='word_1_47' title='bbox 1126 1351 1129 1358; x_wconf 16' lang='grc' dir='ltr'><strong>Α</strong></span> 
     </span>
    </p>
   </div>
   <div class='ocr_carea' id='block_1_4' title="bbox 287 1394 1161 1490">
    <p class='ocr_par' dir='ltr' id='par_1_4' title="bbox 287 1394 1161 1490">
     <span class='ocr_line' id='line_1_8' title="bbox 287 1394 1161 1490; baseline -0.003 -23"><span class='ocrx_word' id='word_1_48' title='bbox 287 1403 399 1469; x_wconf 78' lang='lat' dir='ltr'>Troch.</span> <span class='ocrx_word' id='word_1_49' title='bbox 423 1404 505 1468; x_wconf 81' lang='lat'><strong>236:</strong></span> <span class='ocrx_word' id='word_1_50' title='bbox 529 1408 597 1468; x_wconf 79' lang='grc' dir='ltr'>ποῦ</span> <span class='ocrx_word' id='word_1_51' title='bbox 618 1407 690 1490; x_wconf 50' lang='grc' dir='ltr'>γῆς·</span> <span class='ocrx_word' id='word_1_52' title='bbox 712 1398 869 1490; x_wconf 77' lang='grc' dir='ltr'><strong><em>πατρῴας</em></strong></span> <span class='ocrx_word' id='word_1_53' title='bbox 891 1394 957 1466; x_wconf 78' lang='grc' dir='ltr'><strong><em>εἴτε</em></strong></span> <span class='ocrx_word' id='word_1_54' title='bbox 977 1397 1161 1488; x_wconf 70' lang='grc' dir='ltr'><strong><em>βαρβάρους</em></strong></span> 
     </span>
    </p>
   </div>
   <div class='ocr_carea' id='block_1_5' title="bbox 284 1509 1347 2183">
    <p class='ocr_par' dir='ltr' id='par_1_5' title="bbox 285 1509 1347 1954">
     <span class='ocr_line' id='line_1_9' title="bbox 285 1509 1347 1614; baseline -0.007 -18"><span class='ocrx_word' id='word_1_55' title='bbox 285 1532 437 1597; x_wconf 88' lang='lat' dir='ltr'>Androm.</span> <span class='ocrx_word' id='word_1_56' title='bbox 459 1531 498 1596; x_wconf 83' lang='lat' dir='ltr'>fr.</span> <span class='ocrx_word' id='word_1_57' title='bbox 524 1531 599 1595; x_wconf 77' lang='lat'>122:</span> <span class='ocrx_word' id='word_1_58' title='bbox 621 1526 720 1612; x_wconf 87' lang='grc' dir='ltr'><strong><em>νόμος</em></strong></span> <span class='ocrx_word' id='word_1_59' title='bbox 741 1524 802 1614; x_wconf 81' lang='grc' dir='ltr'>γάρ</span> <span class='ocrx_word' id='word_1_60' title='bbox 823 1525 896 1592; x_wconf 77' lang='grc' dir='ltr'><strong><em>ἐστι</em></strong></span> <span class='ocrx_word' id='word_1_61' title='bbox 917 1530 1006 1593; x_wconf 83' lang='grc' dir='ltr'><strong><em>τοῖσι</em></strong></span> <span class='ocrx_word' id='word_1_62' title='bbox 1033 1509 1212 1614; x_wconf 79' lang='grc' dir='ltr'><strong><em>βαρβάροις</em></strong></span> <span class='ocrx_word' id='word_1_63' title='bbox 1230 1522 1347 1613; x_wconf 78' lang='grc' dir='ltr'><strong><em>Κρόνῳ</em></strong></span> 
     </span>
     <span class='ocr_line' id='line_1_10' title="bbox 439 1624 1268 1718; baseline -0.004 -21"><span class='ocrx_word' id='word_1_64' title='bbox 439 1639 443 1645; x_wconf 78' lang='grc'><em>’</em></span> <span class='ocrx_word' id='word_1_65' title='bbox 621 1628 769 1716; x_wconf 77' lang='grc' dir='ltr'><strong><em>βρότειον</em></strong></span> <span class='ocrx_word' id='word_1_66' title='bbox 789 1624 932 1718; x_wconf 73' lang='grc' dir='ltr'><strong><em>ἀρχῆθεν</em></strong></span> <span class='ocrx_word' id='word_1_67' title='bbox 955 1627 1268 1716; x_wconf 55' lang='grc' dir='ltr'><strong><em>γένοςθυρτιολεῖνμ</em></strong></span> 
     </span>
     <span class='ocr_line' id='line_1_11' title="bbox 287 1752 1340 1847; baseline -0.004 -19"><span class='ocrx_word' id='word_1_68' title='bbox 287 1763 381 1828; x_wconf 84' lang='lat' dir='ltr'>Laoc.</span> <span class='ocrx_word' id='word_1_69' title='bbox 403 1763 442 1828; x_wconf 86' lang='lat' dir='ltr'>fr.</span> <span class='ocrx_word' id='word_1_70' title='bbox 465 1763 544 1828; x_wconf 85' lang='lat'>340:</span> <span class='ocrx_word' id='word_1_71' title='bbox 567 1757 693 1844; x_wconf 79' lang='grc' dir='ltr'><em>λάμπει</em></span> <span class='ocrx_word' id='word_1_72' title='bbox 715 1754 745 1825; x_wconf 79' lang='grc' dir='ltr'>δ’</span> <span class='ocrx_word' id='word_1_73' title='bbox 766 1753 895 1844; x_wconf 79' lang='grc' dir='ltr'><strong><em>άγυιεύς</em></strong></span> <span class='ocrx_word' id='word_1_74' title='bbox 915 1755 1027 1845; x_wconf 85' lang='grc' dir='ltr'><strong><em>βωμὸς</em></strong></span> <span class='ocrx_word' id='word_1_75' title='bbox 1048 1752 1191 1842; x_wconf 72' lang='grc' dir='ltr'><strong><em>ἀτμίζων</em></strong></span> <span class='ocrx_word' id='word_1_76' title='bbox 1213 1758 1302 1847; x_wconf 79' lang='grc' dir='ltr'><strong><em>πυρὶ,</em></strong></span> <span class='ocrx_word' id='word_1_77' title='bbox 1334 1755 1340 1796; x_wconf 67' lang='lat'><em>3</em></span> 
     </span>
     <span class='ocr_line' id='line_1_12' title="bbox 566 1857 1346 1954; baseline -0.001 -25"><span class='ocrx_word' id='word_1_78' title='bbox 566 1859 723 1954; x_wconf 67' lang='grc' dir='ltr'><strong><em>σμύρνης,</em></strong></span> <span class='ocrx_word' id='word_1_79' title='bbox 749 1859 956 1948; x_wconf 75' lang='grc' dir='ltr'><strong><em>σταλαγμοὺς</em></strong></span> <span class='ocrx_word' id='word_1_80' title='bbox 977 1859 1160 1950; x_wconf 84' lang='grc' dir='ltr'><strong><em>βαρβάρους</em></strong></span> <span class='ocrx_word' id='word_1_81' title='bbox 1181 1857 1346 1947; x_wconf 70' lang='grc' dir='ltr'><strong><em>ευόομίαςζ</em></strong></span> 
     </span>
    </p>

    <p class='ocr_par' dir='ltr' id='par_1_6' title="bbox 284 1960 1345 2183">
     <span class='ocr_line' id='line_1_13' title="bbox 284 1960 1155 2076; baseline -0.002 -18"><span class='ocrx_word' id='word_1_82' title='bbox 284 1994 353 2061; x_wconf 86' lang='lat' dir='ltr'>Ter.</span> <span class='ocrx_word' id='word_1_83' title='bbox 375 1995 414 2059; x_wconf 84' lang='lat' dir='ltr'>fr.</span> <span class='ocrx_word' id='word_1_84' title='bbox 436 1994 514 2059; x_wconf 80' lang='lat'>521:</span> <span class='ocrx_word' id='word_1_85' title='bbox 537 1986 708 2075; x_wconf 61' lang='lat' dir='ltr'>ciboriprb&#39;</span> <span class='ocrx_word' id='word_1_86' title='bbox 729 1987 793 2073; x_wconf 72' lang='grc' dir='ltr'>ἔξω</span> <span class='ocrx_word' id='word_1_87' title='bbox 815 1988 871 2056; x_wconf 78' lang='grc' dir='ltr'>καὶ</span> <span class='ocrx_word' id='word_1_88' title='bbox 894 1960 1155 2076; x_wconf 68' lang='grc' dir='ltr'><strong><em>διεμπολώιιεθα</em></strong></span> 
     </span>
     <span class='ocr_line' id='line_1_14' title="bbox 536 2087 1345 2183; baseline 0.002 -23"><span class='ocrx_word' id='word_1_89' title='bbox 536 2090 570 2178; x_wconf 76' lang='grc' dir='ltr'>αἱ</span> <span class='ocrx_word' id='word_1_90' title='bbox 592 2093 652 2178; x_wconf 84' lang='grc' dir='ltr'>μὲν</span> <span class='ocrx_word' id='word_1_91' title='bbox 673 2091 782 2176; x_wconf 83' lang='grc' dir='ltr'><strong><em>ξένους</em></strong></span> <span class='ocrx_word' id='word_1_92' title='bbox 796 2091 882 2180; x_wconf 80' lang='grc' dir='ltr'><strong><em>πρὸς</em></strong></span> <span class='ocrx_word' id='word_1_93' title='bbox 902 2087 1028 2182; x_wconf 75' lang='grc' dir='ltr'><strong><em>ἄνδρας,</em></strong></span> <span class='ocrx_word' id='word_1_94' title='bbox 1053 2091 1087 2158; x_wconf 81' lang='grc' dir='ltr'>αὶ</span> <span class='ocrx_word' id='word_1_95' title='bbox 1103 2093 1139 2160; x_wconf 79' lang='grc' dir='ltr'>δὲ</span> <span class='ocrx_word' id='word_1_96' title='bbox 1154 2091 1345 2183; x_wconf 87' lang='grc' dir='ltr'><strong><em>βαρβάρους.</em></strong></span> 
     </span>
    </p>
   </div>
   <div class='ocr_carea' id='block_1_6' title="bbox 238 2250 1346 3560">
    <p class='ocr_par' dir='ltr' id='par_1_7' title="bbox 238 2250 1346 3560">
     <span class='ocr_line' id='line_1_15' title="bbox 329 2250 1346 2333; baseline 0.001 -17"><span class='ocrx_word' id='word_1_97' title='bbox 329 2253 397 2316; x_wconf 88' lang='grc' dir='ltr'>Ηοο</span> <span class='ocrx_word' id='word_1_98' title='bbox 426 2257 533 2317; x_wconf 81' lang='lat' dir='ltr'>autem</span> <span class='ocrx_word' id='word_1_99' title='bbox 560 2251 747 2330; x_wconf 85' lang='lat' dir='ltr'>discrimen,</span> <span class='ocrx_word' id='word_1_100' title='bbox 785 2251 871 2333; x_wconf 89' lang='lat' dir='ltr'>quod</span> <span class='ocrx_word' id='word_1_101' title='bbox 900 2253 983 2317; x_wconf 86' lang='lat' dir='ltr'>inter</span> <span class='ocrx_word' id='word_1_102' title='bbox 1005 2250 1142 2317; x_wconf 85' lang='lat' dir='ltr'>Graecos</span> <span class='ocrx_word' id='word_1_103' title='bbox 1171 2257 1202 2317; x_wconf 86' lang='lat' dir='ltr'>et</span> <span class='ocrx_word' id='word_1_104' title='bbox 1223 2257 1346 2318; x_wconf 87' lang='lat' dir='ltr'>exteras</span> 
     </span>
     <span class='ocr_line' id='line_1_16' title="bbox 242 2353 1346 2440; baseline 0 -20"><span class='ocrx_word' id='word_1_105' title='bbox 242 2361 351 2440; x_wconf 86' lang='lat' dir='ltr'>gentes</span> <span class='ocrx_word' id='word_1_106' title='bbox 372 2353 597 2432; x_wconf 75' lang='lat' dir='ltr'>intercedebat,</span> <span class='ocrx_word' id='word_1_107' title='bbox 620 2354 710 2418; x_wconf 81' lang='lat' dir='ltr'>nullo</span> <span class='ocrx_word' id='word_1_108' title='bbox 731 2374 766 2418; x_wconf 86' lang='lat' dir='ltr'>ro</span> <span class='ocrx_word' id='word_1_109' title='bbox 786 2355 887 2437; x_wconf 84' lang='lat' dir='ltr'>magis</span> <span class='ocrx_word' id='word_1_110' title='bbox 909 2360 1037 2419; x_wconf 80' lang='lat' dir='ltr'>auctum</span> <span class='ocrx_word' id='word_1_111' title='bbox 1058 2359 1115 2432; x_wconf 85' lang='lat' dir='ltr'>est,</span> <span class='ocrx_word' id='word_1_112' title='bbox 1137 2374 1232 2436; x_wconf 84' lang='lat' dir='ltr'>quom</span> <span class='ocrx_word' id='word_1_113' title='bbox 1254 2354 1346 2420; x_wconf 92' lang='lat' dir='ltr'>bellis</span> 
     </span>
     <span class='ocr_line' id='line_1_17' title="bbox 241 2456 1345 2539; baseline 0 -17"><span class='ocrx_word' id='word_1_114' title='bbox 241 2458 306 2522; x_wconf 90' lang='lat' dir='ltr'>illis</span> <span class='ocrx_word' id='word_1_115' title='bbox 326 2479 398 2537; x_wconf 90' lang='lat' dir='ltr'>cum</span> <span class='ocrx_word' id='word_1_116' title='bbox 419 2457 523 2521; x_wconf 87' lang='lat' dir='ltr'>Persis</span> <span class='ocrx_word' id='word_1_117' title='bbox 544 2458 650 2539; x_wconf 85' lang='lat' dir='ltr'>gestis.</span> <span class='ocrx_word' id='word_1_118' title='bbox 692 2456 731 2520; x_wconf 92' lang='lat' dir='ltr'>In</span> <span class='ocrx_word' id='word_1_119' title='bbox 752 2456 867 2537; x_wconf 89' lang='lat' dir='ltr'>quibus</span> <span class='ocrx_word' id='word_1_120' title='bbox 889 2457 927 2534; x_wconf 89' lang='lat' dir='ltr'>ii,</span> <span class='ocrx_word' id='word_1_121' title='bbox 950 2476 1030 2538; x_wconf 90' lang='lat' dir='ltr'>quos</span> <span class='ocrx_word' id='word_1_122' title='bbox 1052 2476 1150 2537; x_wconf 91' lang='lat' dir='ltr'>quum</span> <span class='ocrx_word' id='word_1_123' title='bbox 1172 2459 1345 2522; x_wconf 89' lang='lat' dir='ltr'>communis</span> 
     </span>
     <span class='ocr_line' id='line_1_18' title="bbox 242 2556 1345 2640; baseline -0.005 -15"><span class='ocrx_word' id='word_1_124' title='bbox 242 2561 383 2625; x_wconf 92' lang='lat' dir='ltr'>omnium</span> <span class='ocrx_word' id='word_1_125' title='bbox 411 2559 539 2622; x_wconf 87' lang='lat' dir='ltr'>miseria</span> <span class='ocrx_word' id='word_1_126' title='bbox 566 2564 634 2622; x_wconf 86' lang='lat' dir='ltr'>tum</span> <span class='ocrx_word' id='word_1_127' title='bbox 655 2558 788 2622; x_wconf 85' lang='lat' dir='ltr'>victoria</span> <span class='ocrx_word' id='word_1_128' title='bbox 809 2558 978 2640; x_wconf 82' lang='lat' dir='ltr'>praeclara</span> <span class='ocrx_word' id='word_1_129' title='bbox 999 2557 1040 2622; x_wconf 83' lang='lat' dir='ltr'>ab</span> <span class='ocrx_word' id='word_1_130' title='bbox 1062 2556 1207 2622; x_wconf 86' lang='lat' dir='ltr'>hostibus</span> <span class='ocrx_word' id='word_1_131' title='bbox 1229 2560 1345 2624; x_wconf 61' lang='lat' dir='ltr'>acerri÷</span> 
     </span>
     <span class='ocr_line' id='line_1_19' title="bbox 242 2658 1345 2752; baseline 0.001 -26"><span class='ocrx_word' id='word_1_132' title='bbox 242 2662 302 2726; x_wconf 90' lang='lat' dir='ltr'>mis</span> <span class='ocrx_word' id='word_1_133' title='bbox 324 2665 490 2744; x_wconf 83' lang='lat' dir='ltr'>reportata</span> <span class='ocrx_word' id='word_1_134' title='bbox 510 2659 684 2725; x_wconf 83' lang='lat' dir='ltr'>arctissime</span> <span class='ocrx_word' id='word_1_135' title='bbox 706 2660 789 2752; x_wconf 82' lang='lat' dir='ltr'>inter</span> <span class='ocrx_word' id='word_1_136' title='bbox 809 2681 854 2738; x_wconf 90' lang='lat' dir='ltr'>se,</span> <span class='ocrx_word' id='word_1_137' title='bbox 876 2665 960 2724; x_wconf 89' lang='lat' dir='ltr'>certe</span> <span class='ocrx_word' id='word_1_138' title='bbox 976 2664 1088 2724; x_wconf 81' lang='lat' dir='ltr'>contra</span> <span class='ocrx_word' id='word_1_139' title='bbox 1101 2658 1254 2726; x_wconf 85' lang='lat' dir='ltr'>barbaros</span> <span class='ocrx_word' id='word_1_140' title='bbox 1270 2682 1345 2727; x_wconf 89' lang='lat' dir='ltr'>oon-</span> 
     </span>
     <span class='ocr_line' id='line_1_20' title="bbox 238 2761 1344 2847; baseline 0.002 -19"><span class='ocrx_word' id='word_1_141' title='bbox 238 2764 409 2847; x_wconf 87' lang='lat' dir='ltr'>junxisset,</span> <span class='ocrx_word' id='word_1_142' title='bbox 429 2768 556 2827; x_wconf 81' lang='lat' dir='ltr'>tautum</span> <span class='ocrx_word' id='word_1_143' title='bbox 577 2762 686 2827; x_wconf 89' lang='lat' dir='ltr'>odium</span> <span class='ocrx_word' id='word_1_144' title='bbox 706 2762 740 2825; x_wconf 88' lang='lat' dir='ltr'>iu</span> <span class='ocrx_word' id='word_1_145' title='bbox 762 2783 824 2840; x_wconf 79' lang='lat' dir='ltr'>eoo,</span> <span class='ocrx_word' id='word_1_146' title='bbox 848 2763 903 2844; x_wconf 90' lang='lat' dir='ltr'>qui</span> <span class='ocrx_word' id='word_1_147' title='bbox 924 2762 1001 2845; x_wconf 85' lang='lat' dir='ltr'>ipsis</span> <span class='ocrx_word' id='word_1_148' title='bbox 1023 2761 1203 2826; x_wconf 82' lang='lat' dir='ltr'>libertatem</span> <span class='ocrx_word' id='word_1_149' title='bbox 1224 2765 1344 2847; x_wconf 88' lang='lat' dir='ltr'>eripere</span> 
     </span>
     <span class='ocr_line' id='line_1_21' title="bbox 243 2853 1344 2946; baseline 0.005 -16"><span class='ocrx_word' id='word_1_150' title='bbox 243 2866 351 2930; x_wconf 87' lang='lat' dir='ltr'>conati</span> <span class='ocrx_word' id='word_1_151' title='bbox 371 2869 478 2942; x_wconf 83' lang='lat' dir='ltr'>erant,</span> <span class='ocrx_word' id='word_1_152' title='bbox 508 2870 735 2946; x_wconf 74' lang='lat' dir='ltr'>conceperant;</span> <span class='ocrx_word' id='word_1_153' title='bbox 756 2869 793 2929; x_wconf 91' lang='lat' dir='ltr'>ut</span> <span class='ocrx_word' id='word_1_154' title='bbox 814 2853 924 2930; x_wconf 85' lang='lat' dir='ltr'>eorum</span> <span class='ocrx_word' id='word_1_155' title='bbox 944 2884 1059 2929; x_wconf 85' lang='lat' dir='ltr'>nomen</span> <span class='ocrx_word' id='word_1_156' title='bbox 1080 2884 1145 2928; x_wconf 91' lang='lat' dir='ltr'>non</span> <span class='ocrx_word' id='word_1_157' title='bbox 1168 2865 1235 2930; x_wconf 86' lang='lat' dir='ltr'>sine</span> <span class='ocrx_word' id='word_1_158' title='bbox 1256 2888 1344 2934; x_wconf 84' lang='lat' dir='ltr'>acer-</span> 
     </span>
     <span class='ocr_line' id='line_1_22' title="bbox 241 2967 1346 3049; baseline 0.005 -18"><span class='ocrx_word' id='word_1_159' title='bbox 241 2967 343 3032; x_wconf 83' lang='lat' dir='ltr'>bitate</span> <span class='ocrx_word' id='word_1_160' title='bbox 370 2967 508 3049; x_wconf 83' lang='lat' dir='ltr'>quadam</span> <span class='ocrx_word' id='word_1_161' title='bbox 537 2974 633 3048; x_wconf 87' lang='lat' dir='ltr'>atque</span> <span class='ocrx_word' id='word_1_162' title='bbox 665 2971 849 3049; x_wconf 87' lang='lat' dir='ltr'>contemptu</span> <span class='ocrx_word' id='word_1_163' title='bbox 883 2967 988 3048; x_wconf 89' lang='lat' dir='ltr'>eloqui</span> <span class='ocrx_word' id='word_1_164' title='bbox 1016 2971 1154 3049; x_wconf 88' lang='lat' dir='ltr'>possent.</span> <span class='ocrx_word' id='word_1_165' title='bbox 1213 2967 1271 3034; x_wconf 87' lang='lat' dir='ltr'>Cui</span> <span class='ocrx_word' id='word_1_166' title='bbox 1300 2974 1346 3037; x_wconf 92' lang='lat' dir='ltr'>rei</span> 
     </span>
     <span class='ocr_line' id='line_1_23' title="bbox 242 3065 1344 3152; baseline 0.004 -17"><span class='ocrx_word' id='word_1_167' title='bbox 242 3070 278 3135; x_wconf 89' lang='lat' dir='ltr'>id</span> <span class='ocrx_word' id='word_1_168' title='bbox 302 3090 452 3152; x_wconf 80' lang='lat' dir='ltr'>maguum</span> <span class='ocrx_word' id='word_1_169' title='bbox 478 3065 630 3133; x_wconf 84' lang='lat' dir='ltr'>afferebat</span> <span class='ocrx_word' id='word_1_170' title='bbox 657 3074 874 3146; x_wconf 86' lang='lat' dir='ltr'>momentum,</span> <span class='ocrx_word' id='word_1_171' title='bbox 911 3067 996 3149; x_wconf 91' lang='lat' dir='ltr'>quod</span> <span class='ocrx_word' id='word_1_172' title='bbox 1028 3067 1164 3132; x_wconf 82' lang='lat' dir='ltr'>maxime</span> <span class='ocrx_word' id='word_1_173' title='bbox 1195 3070 1269 3136; x_wconf 88' lang='lat' dir='ltr'>iude</span> <span class='ocrx_word' id='word_1_174' title='bbox 1306 3096 1344 3138; x_wconf 88' lang='lat' dir='ltr'>ex</span> 
     </span>
     <span class='ocr_line' id='line_1_24' title="bbox 242 3167 1345 3253; baseline 0.005 -18"><span class='ocrx_word' id='word_1_175' title='bbox 242 3171 354 3237; x_wconf 87' lang='lat' dir='ltr'>eodem</span> <span class='ocrx_word' id='word_1_176' title='bbox 385 3170 540 3236; x_wconf 88' lang='lat' dir='ltr'>bellorum</span> <span class='ocrx_word' id='word_1_177' title='bbox 573 3169 771 3234; x_wconf 83' lang='lat' dir='ltr'>Persicorum</span> <span class='ocrx_word' id='word_1_178' title='bbox 811 3176 952 3253; x_wconf 88' lang='lat' dir='ltr'>tempore</span> <span class='ocrx_word' id='word_1_179' title='bbox 991 3172 1075 3234; x_wconf 88' lang='lat' dir='ltr'>inter</span> <span class='ocrx_word' id='word_1_180' title='bbox 1107 3168 1246 3237; x_wconf 84' lang='lat' dir='ltr'>Graecos</span> <span class='ocrx_word' id='word_1_181' title='bbox 1278 3167 1345 3241; x_wconf 86' lang='lat' dir='ltr'>sese</span> 
     </span>
     <span class='ocr_line' id='line_1_25' title="bbox 242 3269 1345 3356; baseline 0.005 -18"><span class='ocrx_word' id='word_1_182' title='bbox 242 3272 462 3338; x_wconf 81' lang='lat' dir='ltr'>conformabat</span> <span class='ocrx_word' id='word_1_183' title='bbox 483 3272 605 3356; x_wconf 89' lang='lat' dir='ltr'>opini0‚</span> <span class='ocrx_word' id='word_1_184' title='bbox 641 3292 675 3336; x_wconf 90' lang='lat' dir='ltr'>se</span> <span class='ocrx_word' id='word_1_185' title='bbox 696 3271 739 3336; x_wconf 86' lang='lat' dir='ltr'>ad</span> <span class='ocrx_word' id='word_1_186' title='bbox 760 3272 995 3355; x_wconf 85' lang='lat' dir='ltr'>imperandum,</span> <span class='ocrx_word' id='word_1_187' title='bbox 1031 3269 1185 3338; x_wconf 84' lang='lat' dir='ltr'>barbaros</span> <span class='ocrx_word' id='word_1_188' title='bbox 1207 3276 1249 3341; x_wconf 83' lang='lat' dir='ltr'>ad</span> <span class='ocrx_word' id='word_1_189' title='bbox 1271 3277 1345 3343; x_wconf 90' lang='lat' dir='ltr'>obe-</span> 
     </span>
     <span class='ocr_line' id='line_1_26' title="bbox 240 3373 1341 3459; baseline 0.005 -20"><span class='ocrx_word' id='word_1_190' title='bbox 240 3375 391 3440; x_wconf 89' lang='lat' dir='ltr'>diendum</span> <span class='ocrx_word' id='word_1_191' title='bbox 419 3394 488 3441; x_wconf 87' lang='lat' dir='ltr'>esse</span> <span class='ocrx_word' id='word_1_192' title='bbox 516 3383 617 3441; x_wconf 84' lang='lat' dir='ltr'>natos.</span> <span class='ocrx_word' id='word_1_193' title='bbox 666 3375 778 3458; x_wconf 84' lang='lat' dir='ltr'>Itaque</span> <span class='ocrx_word' id='word_1_194' title='bbox 811 3375 888 3442; x_wconf 88' lang='lat' dir='ltr'>dicit</span> <span class='ocrx_word' id='word_1_195' title='bbox 918 3375 1084 3459; x_wconf 85' lang='lat' dir='ltr'>Euripides</span> <span class='ocrx_word' id='word_1_196' title='bbox 1114 3373 1182 3458; x_wconf 95' lang='lat' dir='ltr'>lph.</span> <span class='ocrx_word' id='word_1_197' title='bbox 1215 3379 1285 3443; x_wconf 85' lang='lat' dir='ltr'>Aul.</span> <span class='ocrx_word' id='word_1_198' title='bbox 1313 3403 1341 3444; x_wconf 90' lang='lat' dir='ltr'>v.</span> 
     </span>
     <span class='ocr_line' id='line_1_27' title="bbox 246 3477 434 3560; baseline 0 -20"><span class='ocrx_word' id='word_1_199' title='bbox 246 3477 329 3540; x_wconf 78' lang='lat'>1400</span> <span class='ocrx_word' id='word_1_200' title='bbox 350 3498 434 3560; x_wconf 90' lang='lat' dir='ltr'>sqq.:</span> 
     </span>
    </p>
   </div>
   <div class='ocr_carea' id='block_1_7' title="bbox 240 3598 1417 3806">
    <p class='ocr_par' dir='ltr' id='par_1_8' title="bbox 240 3598 1417 3806">
     <span class='ocr_line' id='line_1_28' title="bbox 240 3598 1417 3705; baseline -0.001 -32"><span class='ocrx_word' id='word_1_201' title='bbox 240 3633 243 3636; x_wconf 84' lang='lat'><strong>·</strong></span> <span class='ocrx_word' id='word_1_202' title='bbox 350 3602 521 3705; x_wconf 86' lang='grc' dir='ltr'><strong><em>βαρβάρων</em></strong></span> <span class='ocrx_word' id='word_1_203' title='bbox 543 3600 572 3670; x_wconf 77' lang='grc' dir='ltr'>δ’</span> <span class='ocrx_word' id='word_1_204' title='bbox 584 3601 742 3692; x_wconf 79' lang='grc' dir='ltr'><strong><em>Ἕλληνας</em></strong></span> <span class='ocrx_word' id='word_1_205' title='bbox 762 3598 869 3689; x_wconf 80' lang='grc' dir='ltr'><strong><em>άρχιιν</em></strong></span> <span class='ocrx_word' id='word_1_206' title='bbox 891 3601 986 3687; x_wconf 80' lang='grc' dir='ltr'><strong><em>εἰκός,</em></strong></span> <span class='ocrx_word' id='word_1_207' title='bbox 1010 3601 1080 3672; x_wconf 77' lang='lat' dir='ltr'>a’tt&#39;</span> <span class='ocrx_word' id='word_1_208' title='bbox 1103 3601 1142 3672; x_wconf 79' lang='grc' dir='ltr'>οά</span> <span class='ocrx_word' id='word_1_209' title='bbox 1161 3605 1345 3697; x_wconf 91' lang='grc' dir='ltr'><strong><em>βαρβάρους</em></strong></span> <span class='ocrx_word' id='word_1_210' title='bbox 1415 3610 1417 3614; x_wconf 74' lang='grc'><strong>’</strong></span> 
     </span>
     <span class='ocr_line' id='line_1_29' title="bbox 348 3703 1319 3806; baseline 0.002 -31"><span class='ocrx_word' id='word_1_211' title='bbox 348 3715 458 3796; x_wconf 81' lang='grc' dir='ltr'><strong><em>μῆτερ,</em></strong></span> <span class='ocrx_word' id='word_1_212' title='bbox 480 3704 651 3797; x_wconf 78' lang='grc' dir='ltr'><strong><em>Ἑλλήνων·</em></strong></span> <span class='ocrx_word' id='word_1_213' title='bbox 673 3704 712 3772; x_wconf 84' lang='grc' dir='ltr'>τὸ</span> <span class='ocrx_word' id='word_1_214' title='bbox 733 3705 874 3797; x_wconf 79' lang='grc' dir='ltr'><strong><em>μὲνγὰρ</em></strong></span> <span class='ocrx_word' id='word_1_215' title='bbox 897 3709 1018 3806; x_wconf 80' lang='grc' dir='ltr'><strong><em>δοῦλον</em></strong></span> <span class='ocrx_word' id='word_1_216' title='bbox 1035 3703 1067 3774; x_wconf 83' lang='grc' dir='ltr'>οὶ</span> <span class='ocrx_word' id='word_1_217' title='bbox 1090 3705 1119 3774; x_wconf 75' lang='grc' dir='ltr'>δ’</span> <span class='ocrx_word' id='word_1_218' title='bbox 1141 3707 1319 3798; x_wconf 75' lang='grc' dir='ltr'><strong><em>ἐλεύθεροι.</em></strong></span> 
     </span>
    </p>
   </div>
   <div class='ocr_carea' id='block_1_8' title="bbox 330 3860 1342 3952">
    <p class='ocr_par' dir='ltr' id='par_1_9' title="bbox 330 3860 1342 3952">
     <span class='ocr_line' id='line_1_30' title="bbox 330 3860 1342 3952; baseline 0.003 -23"><span class='ocrx_word' id='word_1_219' title='bbox 330 3863 449 3940; x_wconf 80' lang='lat' dir='ltr'>Quibus</span> <span class='ocrx_word' id='word_1_220' title='bbox 470 3885 510 3929; x_wconf 86' lang='lat' dir='ltr'>ex</span> <span class='ocrx_word' id='word_1_221' title='bbox 530 3862 634 3929; x_wconf 87' lang='lat' dir='ltr'>verbis</span> <span class='ocrx_word' id='word_1_222' title='bbox 656 3864 768 3943; x_wconf 86' lang='lat' dir='ltr'>elucet,</span> <span class='ocrx_word' id='word_1_223' title='bbox 790 3860 955 3952; x_wconf 85' lang='grc' dir='ltr'><strong><em>βάρβαρος</em></strong></span> <span class='ocrx_word' id='word_1_224' title='bbox 977 3871 1072 3948; x_wconf 80' lang='lat' dir='ltr'>atque</span> <span class='ocrx_word' id='word_1_225' title='bbox 1094 3866 1211 3944; x_wconf 79' lang='grc' dir='ltr'><strong><em>δοῦλος</em></strong></span> <span class='ocrx_word' id='word_1_226' title='bbox 1233 3868 1342 3952; x_wconf 82' lang='lat' dir='ltr'>appel-</span> 
     </span>
    </p>
   </div>
   <div class='ocr_carea' id='block_1_9' title="bbox 243 4144 1342 4307">
    <p class='ocr_par' dir='ltr' id='par_1_10' title="bbox 243 4144 1342 4307">
     <span class='ocr_line' id='line_1_31' title="bbox 315 4144 1342 4223; baseline 0.009 -24"><span class='ocrx_word' id='word_1_227' title='bbox 315 4146 337 4214; x_wconf 82' lang='lat'>1)</span> <span class='ocrx_word' id='word_1_228' title='bbox 372 4146 427 4200; x_wconf 90' lang='lat' dir='ltr'>Ubi</span> <span class='ocrx_word' id='word_1_229' title='bbox 446 4145 515 4199; x_wconf 85' lang='lat' dir='ltr'>dicit</span> <span class='ocrx_word' id='word_1_230' title='bbox 532 4147 683 4203; x_wconf 79' lang='lat' dir='ltr'>Diodorus:</span> <span class='ocrx_word' id='word_1_231' title='bbox 702 4144 746 4200; x_wconf 83' lang='grc' dir='ltr'>ὅτι</span> <span class='ocrx_word' id='word_1_232' title='bbox 757 4148 940 4222; x_wconf 75' lang='grc' dir='ltr'><strong><em>Ἀριστοτέλης</em></strong></span> <span class='ocrx_word' id='word_1_233' title='bbox 958 4148 973 4204; x_wconf 87' lang='grc' dir='ltr'>ὁ</span> <span class='ocrx_word' id='word_1_234' title='bbox 993 4153 1038 4206; x_wconf 77' lang='grc' dir='ltr'>καὶ</span> <span class='ocrx_word' id='word_1_235' title='bbox 1056 4151 1163 4214; x_wconf 81' lang='grc' dir='ltr'><strong><em>Βάττος</em></strong></span> <span class='ocrx_word' id='word_1_236' title='bbox 1174 4158 1266 4208; x_wconf 79' lang='grc' dir='ltr'><strong><em>κτίσαι</em></strong></span> <span class='ocrx_word' id='word_1_237' title='bbox 1277 4159 1342 4223; x_wconf 80' lang='grc' dir='ltr'>βου-Ι</span> 
     </span>
     <span class='ocr_line' id='line_1_32' title="bbox 243 4227 1095 4307; baseline 0.013 -26"><span class='ocrx_word' id='word_1_238' title='bbox 243 4227 505 4304; x_wconf 68' lang='grc' dir='ltr'><strong><em>λόμενοςΚυρήνην,</em></strong></span> <span class='ocrx_word' id='word_1_239' title='bbox 523 4235 602 4301; x_wconf 77' lang='grc' dir='ltr'><strong><em>ἔλαβε</em></strong></span> <span class='ocrx_word' id='word_1_240' title='bbox 616 4233 747 4307; x_wconf 83' lang='grc' dir='ltr'><strong><em>χρησμὸν</em></strong></span> <span class='ocrx_word' id='word_1_241' title='bbox 766 4233 858 4296; x_wconf 74' lang='grc' dir='ltr'><strong><em>οὕτως,</em></strong></span> <span class='ocrx_word' id='word_1_242' title='bbox 1092 4227 1095 4231; x_wconf 53' lang='grc'><strong>’</strong></span> 
     </span>
    </p>
   </div>
   <div class='ocr_carea' id='block_1_10' title="bbox 0 0 1672 5217">
    <p class='ocr_par' dir='ltr' id='par_1_11' title="bbox 0 0 1672 5217">
     <span class='ocr_line' id='line_1_33' title="bbox 0 0 1672 5217; baseline 0 1"><span class='ocrx_word' id='word_1_243' title='bbox 0 0 1672 5217; x_wconf 95' lang='lat' dir='ltr'> </span> 
     </span>
    </p>
   </div>
  </div>
 </body>
</html>
